3234 4902
1294 379 1328 432 15

152 504 293 568 Ioannis
315 501 526 583 Scholastica
549 499 616 566 III.
640 498 799 566 Collectio
825 498 964 566 Concilit'
991 503 1156 582 Trulluni3
1174 503 1235 566 IV.
1250 502 1325 568 001-

151 610 250 676 lectio
274 609 374 674 Fotii.

155 773 157 778 π
244 733 296 799 10.
322 731 496 800 Historia
520 771 563 779 —
579 733 700 796 Pru'ma
722 731 812 796 edita
834 730 901 796 luit
925 753 1013 798 anno
1039 733 1125 798 1616
1147 743 1182 797 11
1210 734 1326 820 proba·

151 842 264 909 biliter
286 840 462 906 constabat
485 837 612 906 GOVII
635 840 818 905 canonibus
842 843 890 921 (1)
913 862 955 906 ex
971 840 1075 905 variis
1099 841 1247 906 conciliis
1270 843 1324 907 de-

152 949 317 1037 promptis
341 947 501 1028 (Nicaeno
523 947 552 1028 I,
577 945 770 1031 Ancyrano,
809 946 1088 1030 Neocaesariensi,
1125 948 1326 1034 Gangrensi,

153 1055 373 1138 Antiocheno,
409 1053 605 1133 laodiceno,
636 1051 1010 1140 Constantinopolitano
1031 1055 1049 1118 I
1072 1061 1107 1119 et
1130 1053 1325 1140 Ephesiae).

150 1161 213 1227 His
237 1181 414 1248 progressu
431 1161 590 1246 temporis
606 1157 712 1224 additi
738 1167 818 1224 sunt
842 1159 1016 1225 LXXXV
1039 1181 1181 1226 canones
1207 1161 1326 1248 Apost.

150 1277 185 1334 et
209 1290 280 1332 can.
306 1265 406 1332 Oonc.
430 1265 642 1332 Sardicensis.

241 1376 396 1442 Secunda
418 1372 543 1460 prodiit
565 1373 651 1438 circa
690 1371 836 1438 medinm
860 1394 943 1436 saec.
983 1371 1043 1437 VI.
1068 1373 1198 1438 Auctor
1237 1396 1328 1460 prae-

150 1487 317 1566 sumptus,
344 1485 564 1564 cognomento
587 1477 822 1560 Scholasticus,
846 1477 926 1563 quia
948 1501 990 1542 ex
1013 1477 1133 1544 Schola
1168 1479 1239 1543 sive
1274 1501 1325 1546 or-

149 1585 229 1654 dine
266 1586 518 1651 Advocatorum
555 1593 636 1668 erat,
676 1593 877 1670 argumenta
915 1583 1091 1650 anterioris
1125 1585 1326 1678 collectionis

150 1693 296 1777 collegit,
330 1692 371 1756 iis
398 1691 527 1756 addidit
551 1689 708 1756 LXVIII
730 1713 871 1756 canones
894 1713 936 1756 ex
959 1691 1108 1777 epistolis
1136 1691 1170 1757 S.
1195 1692 1325 1775 Basilii,

147 1821 262 1866 omnes
296 1799 500 1864 distribuens
536 1820 593 1885 per
616 1797 772 1863 materias
795 1806 829 1862 et
853 1819 937 1886 opus
974 1796 1128 1863 dividens
1166 1798 1201 1864 in
1230 1800 1325 1864 1111-

132 1907 240 1991 ¹tulos
274 1913 314 1970 ut
352 1904 575 1970 Tribonianus
615 1905 688 1990 jam
719 1904 753 1968 in
793 1904 933 1990 Digesto
971 1903 1104 1970 fecerat.
1152 1904 1325 1992 Usurpata

150 2007 256 2079 serius
281 2014 356 2078 sede
372 2012 756 2098 Constantinopolitana,
774 2013 1011 2100 compendium
1033 2012 1226 2078 efformavit
1242 2013 1327 2079 Ocn-

149 2119 367 2186 stitutionum
401 2119 611 2206 imperatoris
653 2117 861 2201 Iustiniani;
904 2119 988 2184 illud
1012 2120 1132 2184 adiecit
1170 2120 1273 2186 codici
1306 2142 1326 2186 a

150 2250 185 2293 se
207 2226 391 2313 composito
414 2225 550 2311 dejure
573 2226 649 2290 eccl.
674 2237 708 2290 et
731 2227 946 2291 Nomocccoa
970 2227 1017 2308 (2)
1034 2226 1228 2314 appellavit,
1242 2249 1327 2293 com·

150 2333 357 2422 prehendens
380 2331 556 2419 utriusque
579 2332 755 2419 potestatis
786 2334 884 2419 leges,
921 2334 1095 2398 canonicas
1134 2333 1258 2399 scilicet
1292 2341 1326 2400 et

149 2439 266 2508 civiles
289 2442 346 2522 (3).

245 2547 369 2628 Tertia,
392 2545 452 2610 1111
474 2567 560 2631 quae
583 2546 763 2631 compilata
785 2552 819 2612 ot
843 2546 1031 2632 approbata
1058 2568 1078 2612 a
1117 2546 1253 2612 Graecis
1290 2546 1326 2611 in

150 2653 250 2720 Ocno.
277 2653 437 2718 Trullano
461 2654 510 2735 (4)
534 2658 599 2734 (an.
624 2652 714 2735 632),
738 2652 840 2731 etiam
859 2655 1086 2738 quiaioeestum
1110 2660 1247 2718 vocatur
1270 2656 1325 2738 (ὅ).

149 2761 192 2826 Ι1
212 2761 284 2848 ipsa
307 2760 463 2848 descripti
488 2768 568 2826 sunt
590 2781 731 2826 canones
744 2761 941 2847 Apostolici,
954 2784 1095 2827 canones
1111 2762 1326 2828 conciliorum

149 2867 372 2952 orientalium,
398 2869 561 2953 quaedam
584 2867 744 2952 epistolae
767 2867 1021 2954 Episcopcrum,
1056 2875 1131 2932 acta
1171 2891 1326 2954 quornm·

148 2976 229 3042 dam
269 2973 493 3041 Conciliorum
532 2974 786 3060 particularium
819 2981 853 3039 et
876 2995 1017 3040 canones
1040 2975 1325 3042 DGGOXXXIII

150 3081 289 3148 Ooncilii
308 3080 459 3146 Africani
484 3083 555 3148 loco
578 3102 744 3146 canonum
767 3081 865 3147 Cone.
889 3081 1093 3148 sardicensis
1116 3083 1173 3168 qui
1197 3105 1324 3169 expun-

148 3186 195 3253 cti
219 3196 310 3252 sunt.

219 3398 261 3471 (1)
282 3399 377 3453 Prout
396 3417 414 3452 a
435 3401 557 3456 lustcllo
587 3399 681 3470 (Bibl.
701 3401 781 3470 can.)
800 3399 884 3454 edita
897 3398 966 3454 fuit.
986 3400 1052 3453 Non
1072 3400 1259 3464 concordant
1279 3407 1322 3453 ta·

148 3505 219 3544 mon
239 3488 398 3542 Auctores.
419 3485 483 3544 Ofr.
501 3489 612 3556 Devoti,
633 3489 710 3544 Inst.
730 3506 796 3543 can.
816 3489 938 3558 Proleg.
956 3486 976 3562 ξ
996 3489 1040 3557 54,
1062 3496 1122 3545 111.
1141 3490 1168 3544 11.

219 3594 261 3689 (2)
287 3615 307 3664 Α
333 3595 423 3680 νόμος
447 3608 505 3674 lax,
526 3611 557 3662 11
582 3599 686 3662 κανών.

220 3705 262 3778 (3)
283 3705 350 3762 cfr.
368 3709 529 3772 Zamam,
548 3705 632 3760 Hist.
652 3720 751 3774 graec.
771 3721 885 3758 roman.
903 3701 1081 3759 delineatio.

220 3811 261 3882 (4)
281 3812 459 3866 Trullanum
479 3830 497 3866 a
521 3815 623 3867 Trullo
642 3827 696 3864 seu
714 3808 880 3864 secretario
892 3809 1000 3880 palatii
1013 3809 1091 3880 quod
1112 3808 1149 3862 ob
1163 3807 1324 3878 fastigium

146 3907 392 3956 concameratum
417 3899 515 3955 Trulli
535 3916 589 3954 eeu
610 3899 735 3952 Trullae
754 3899 876 3952 nomine
897 3897 1118 3968 appellabatur.

219 4006 260 4078 (5)
280 4007 400 4062 Dicitur
431 4011 634 4080 quiniaeaetum
661 4004 733 4077 quia
765 4004 904 4059 habitum
936 4003 997 4058 fuit
1025 4003 1127 4057 animo
1159 4003 1323 4074 supplendi

147 4095 280 4153 Concilii
302 4095 329 4149 V
348 4103 379 4151 11
397 4097 440 4151 Vl
461 4095 662 4167 generalium.
688 4093 826 4148 Romana
846 4091 987 4148 Ecclesia
1005 4097 1109 4146 tamen
1131 4108 1183 4146 eos
1203 4099 1324 4146 tantum

146 4183 290 4256 probavit
311 4183 404 4240 huius
424 4183 556 4240 Concilii
578 4199 710 4237 canones
739 4181 791 4252 qui
821 4181 899 4235 nihil
920 4179 1069 4234 haberent
1089 4180 1169 4251 quod
1189 4179 1324 4250 superio·

146 4272 232 4328 ribus
251 4272 393 4328 conciliis
427 4280 458 4328 11
488 4273 577 4328 bonis
597 4271 732 4326 moribus
753 4271 976 4326 adversaretur.
995 4269 1043 4324 Ita
1065 4267 1234 4324 declaravit
1253 4268 1325 4339 Epi·

146 4377 255 4434 scopus
276 4361 451 4418 Cardinalis
465 4361 567 4418 Silvae
581 4359 737 4416 Candidas
751 4360 873 4431 legatus
888 4358 1001 4414 Leonis
1017 4359 1064 4412 IX
1084 4358 1164 4430 apud
1179 4356 1327 4416 Graecos.
