3220 4898
1297 365 1350 418 201

172 491 274 558 Nunc
296 498 411 557 tamen
433 489 505 556 eius
528 487 719 554 iurisdictio
752 487 904 572 quiescit,
931 487 1012 553 licet
1036 510 1192 573 expresse
1215 487 1252 553 in
1276 487 1350 554 foro

170 595 416 664 eoelestiastico
430 605 526 663 extra
542 595 707 662 ditionem
722 595 932 680 pontificiam
955 595 1115 688 nondum¹
1137 595 1182 660 sit
1205 595 1349 661 sublata.

173 711 176 716 '
267 707 317 770 15.
344 705 607 771 Gratiae-sunt:

263 812 292 877 I.
317 813 503 898 Stqaatara
527 811 677 896 Gratiae,
701 831 787 894 quae
810 807 939 894 gratias
963 807 1250 874 extraordinarias
1273 831 1350 874 eon·
1380 861 1385 867 .

173 917 316 983 cedebat
338 916 410 982 sive
432 939 517 1002 pure
553 915 647 982 tales.
676 913 748 980 sive
771 913 808 978 in
831 915 931 980 rebus
956 913 1186 979 contentiosis
1225 915 1349 980 Nostra

174 1031 286 1092 aetate
309 1023 411 1090 huius
434 1021 616 1088 tribunalis
638 1022 771 1087 nullum
794 1021 942 1108 amplius
958 1027 1130 1106 reperitur
1153 1021 1348 1106 vestigium;

172 1139 217 1198 et
232 1153 352 1197 causae
375 1129 460 1196 alias
487 1154 506 1196 a
530 1129 707 1215 signatura
746 1127 877 1214 gratiae
915 1128 1145 1213 expediendae
1185 1151 1275 1194 nunc
1313 1129 1350 1194 in

172 1239 234 1306 SS.
261 1237 325 1304 00.
352 1237 407 1302 vel
430 1235 632 1322 segretarias
656 1235 867 1301 transierunt
890 1223 946 1317 (1).

264 1345 311 1410 ΙΙ.
336 1347 464 1409 Rauda
489 1342 632 1410 Camere
654 1342 847 1428 Apostolica
870 1343 926 1424 (2);
951 1341 1142 1426 antiquitus
1153 1365 1278 1427 magna
1294 1365 1350 1408 au·

172 1451 333 1518 ctoritate
356 1451 505 1536 pollebat
528 1451 638 1534 quoad
661 1449 815 1534 regimen
831 1447 971 1514 ditionis
995 1448 1188 1534 pontificiae
1203 1457 1238 1514 et
1252 1472 1349 1534 prae-

172 1557 291 1625 sertim
315 1558 425 1642 quoad
456 1580 573 1622 curam
595 1555 746 1622 thesauri
779 1564 813 1620 et
836 1555 964 1622 iunium
989 1556 1227 1642 temporalium
1252 1555 1349 1622 Sedis

172 1662 538 1750 Apostolioae.'Hodie
573 1684 653 1727 vero
684 1662 726 1728 ob
750 1669 960 1748 praesentem
984 1685 1099 1728 rerum
1123 1661 1349 1728 conditionem

172 1769 318 1857 quiescit
342 1773 396 1853 (3).

263 1879 331 1943 ΠΙ.
358 1877 583 1944 Caccabaria:
618 1875 855 1961 antiquissima
888 1883 939 1940 est
969 1883 1004 1942 et
1027 1898 1118 1941 nune
1142 1875 1172 1940 ei
1196 1877 1349 1964 praefici·

171 1993 232 2050 tur
255 1983 446 2050 Cardinalis
461 1985 519 2069 qui
532 2007 653 2050 nomen
666 1984 797 2050 obtinet
811 1986 846 2050 S.
860 1987 902 2048 R.
916 1984 958 2048 Ε.
980 1983 1276 2050 Viae-Caucaltorii
1292 1985 1347 2066 (4).

173 2092 260 2158 Eius
284 2091 511 2179 competentia
540 2091 690 2158 refertur
713 2092 754 2156 ad
778 2090 989 2176 expedienda
1010 2090 1147 2175 negotia
1170 2089 1206 2154 in
1230 2090 1349 2155 Conci-

171 2199 289 2265 storiis
310 2199 545 2264 determinata.
584 2199 708 2264 Forma
733 2197 933 2283 procedendi
957 2197 993 2260 in
1017 2195 1230 2262 Cancellaria
1257 2198 1349 2282 Apo-

171 2306 292 2372 stoliea
314 2305 470 2372 ordinata
493 2313 544 2372 est
564 2327 626 2390 per
648 2305 783 2390 regulas
806 2303 955 2369 eiusdem
980 2303 1211 2369 Cancellariae
1234 2310 1244 2387 (
1271 2309 1292 2384 ).

263 2413 324 2478 IV.
350 2415 500 2478 Βατανέα
522 2413 578 2495 (6);
603 2411 776 2496 dispensat
799 2433 861 2496 pro
884 2420 1024 2476 externo
1046 2435 1149 2497 super
1182 2411 1347 2495 irregula-

170 2519 343 2604 ritatibus,
379 2542 481 2606 super
515 2518 704 2584 actionibus
735 2518 790 2582 vel
824 2517 1059 2584 omissionibus
1094 2543 1135 2584 ex
1171 2521 1245 2585 iure
1276 2543 1348 2588 can.

171 2627 363 2715 prohibitis,
388 2650 490 2714 super
511 2625 763 2712 impedimentis
787 2623 1026 2692 dirimentibus
1050 2635 1113 2694 etc.

246 2843 283 2906 (l)
306 2842 418 2907 Weraa,
438 2840 456 2894 l.
477 2857 502 2894 c.
521 2857 549 2894 n.
568 2839 629 2894 672.

247 2948 289 3016 (2)
309 2947 358 3000 Sic
378 2945 508 3000 forsitan
530 2935 683 3016 appellata
715 2951 798 3032 esta
819 2946 884 3000 leco
905 2947 1014 3017 palatii
1034 2949 1195 3019 apostolici
1229 2949 1281 3004 ubi
1311 2969 1348 3006 ex

170 3035 390 3108 antiquissimo
410 3043 545 3106 ternpore
565 3033 723 3089 considere
752 3035 920 3092 consuevit.
942 3035 1004 3093 cfr.
1026 3040 1198 3107 Lombardi,
1220 3057 1267 3111 op.
1287 3039 1349 3108 cit„

172 3129 194 3184 l,
214 3145 239 3181 c.
258 3145 287 3180 n.
304 3125 330 3181 4.

246 3233 287 3306 (3)
307 3233 369 3289 cfr.
392 3234 525 3286 Annuar.
545 3228 660 3285 Pontis.
680 3247 728 3284 an.
749 3231 825 3298 1865,
846 3248 874 3301 p.
891 3232 952 3300 332,
973 3233 1034 3297 423,
1053 3233 1116 3289 425.

246 3341 287 3412 (4)
306 3339 487 3411 Appellatur
516 3338 803 3393 Viae-Oaacellarias
823 3337 894 3408 quia
914 3338 989 3392 haec
1009 3338 1201 3409 praefectura
1220 3350 1312 3398 antea
1332 3362 1349 3398 a

170 3429 312 3501 simplice
333 3427 476 3482 Praelato
495 3427 677 3492 habebatur;
696 3432 727 3479 at
746 3425 1009 3496 posteaofficium,
1024 3438 1113 3483 aneta
1134 3433 1346 3502 competentia,

171 3520 301 3590 dignum
321 3517 459 3572 habitum
480 3523 526 3570 est
546 3515 626 3587 quod
651 3503 840 3570 acardinali
865 3524 1033 3584 regeretur.
1064 3519 1159 3589 Atqui
1189 3537 1347 3578 commune

171 3608 272 3665 estin
292 3609 373 3679 stylo
393 3605 509 3662 Curiae
523 3612 558 3659 ut
577 3604 680 3658 officia
713 3605 855 3675 primitus
875 3606 1052 3675 praelatitia
1081 3607 1107 3660 si
1130 3609 1347 3666 Cardinalibus

107 3699 112 3706 ’
169 3697 412 3766 committantur,
444 3694 625 3766 exprimant,
658 3695 778 3748 adiecta
797 3695 915 3751 nomini
946 3697 1183 3766 praepositione,
1203 3699 1259 3753 hoc
1280 3699 1345 3754 tisri

168 3789 261 3861 quasi
281 3785 526 3841 extraordinaria
545 3786 673 3840 ratione.
692 3787 778 3840 Haec
793 3784 897 3856 opinio
911 3792 940 3839 et
955 3786 1156 3858 undequaque
1177 3789 1348 3859 probabilis

170 3877 303 3934 videtur.
323 3873 386 3931 cfr.
407 3878 494 3946 Lapa,
515 3875 534 3929 1.
554 3893 577 3928 c.
597 3874 646 3929 tit.
665 3875 704 3932 X.
724 3873 743 3946 ξ
765 3877 778 3928 l
799 3880 862 3928 not.
875 3872 1079 3929 confirmatur
1099 3893 1136 3929 ex
1156 3893 1192 3930 eo
1205 3877 1348 3947 quodeb-

169 3972 313 4023 servatur
334 3964 365 4018 in
385 3963 514 4029 Deteria
544 3971 575 4018 et
600 3963 809 4032 Nuntiaturis3
843 3981 910 4016 nam
931 3963 958 4017 ei
993 3962 1168 4020 Gardinalis
1201 3966 1346 4023 Datariae

168 4053 347 4128 praesideat
366 4053 537 4125 appellatur
559 4055 785 4119 Pro-Detentus,
806 4060 836 4108 et
856 4053 881 4107 si
903 4053 1113 4123 Nuntiaturis,
1132 4057 1349 4113 PraNaacz'as.

168 4143 236 4200 Ofr.
261 4147 449 4212 Van-Espea,
476 4140 552 4196 Pars
572 4141 586 4194 Ι
608 4141 639 4195 in
661 4141 714 4196 Ins
734 4160 798 4196 can,
819 4141 913 4211 univ„
933 4143 980 4198 tit.
1001 4143 1047 4212 23,
1067 4160 1091 4198 e.
1111 4142 1135 4197 Ι.

244 4253 282 4318 (ὅ)
303 4249 365 4306 Ofr.
385 4269 413 4306 n.
431 4249 466 4304 28
487 4249 517 4303 in
539 4248 670 4319 Proleg.;
694 4254 804 4316 Weraa,
824 4256 895 4304 tom.
916 4249 939 4316 1,
960 4269 988 4304 n.
1006 4251 1060 4305 252
1080 4257 1110 4304 et
1130 4267 1212 4322 seqq.

245 4358 287 4428 (6)
305 4359 421 4412 Nomen
441 4357 569 4412 sortitur
588 4375 605 4410 a
625 4357 758 4411 datando
777 4357 904 4426 (datum)
924 4357 1004 4428 apud
1023 4358 1053 4413 S.
1072 4357 1207 4414 Petrum.
