3200 4890
1272 335 1332 412 ms¹

230 465 291 526 His
312 487 413 545 porro,
434 483 512 542 quae
533 465 685 526 hactenus
710 463 865 524 ediximus
880 466 1080 540 sancivimus,
1095 463 1176 522 nihil
1198 463 1324 540 penitus

149 566 294 643 derogari
315 565 456 625 volumus
490 564 529 624 de
561 564 764 625 facultatibus
799 563 851 622 vel
888 565 1075 641 privilegiis,
1106 568 1174 621 tum
1210 561 1325 621 Nostro

150 669 206 723 aut
226 667 336 738 quovis
364 663 425 722 alio
450 659 542 722 Sedis
561 663 760 740 Apostolioae
782 661 907 720 decreto
928 663 1091 736 concessis,
1128 665 1195 718 tum
1216 661 1321 717 imme·

148 762 290 821 morabili
312 767 367 820 aut-
387 761 538 821 saeculari
560 758 785 820 consuetudine
806 757 1007 836 confirmatis,
1029 764 1096 818 tum
1117 760 1211 816 etiam
1246 775 1324 830 quae

148 863 182 919 in
203 860 334 919 alicuius
356 859 539 920 Sodalitatie
560 859 682 936 legibus
702 880 721 917 a
742 878 868 918 romano
882 857 1033 918 Pontifioe
1054 857 1235 934 approbatis
1250 875 1319 916 oon·

155 960 327 1017 tineentur.
448 954 452 962 '

229 1057 417 1116 Praesentes
448 1075 521 1115 vero
543 1055 667 1114 litteras
688 1062 721 1114 et
753 1071 962 1130 quaecumque
984 1055 1018 1111 in
1053 1055 1132 1130 ipsis
1166 1053 1322 1112 habentur

151 1153 236 1212 nullo
253 1163 393 1228 'unquam
427 1159 564 1229 tempore
587 1152 625 1229 de
646 1152 859 1228 subreptionis
894 1149 1161 1226 aut-obreptionis
1183 1152 1250 1208 sive
1272 1151 1325 1208 in-

151 1254 302 1310 tentionis
324 1251 465 1318 Nostrae,
479 1253 558 1319 vitio
577 1251 679 1310 aliove
700 1253 810 1326 quovis
830 1248 957 1308 deiectu
972 1250 1075 1308 notari
1095 1247 1147 1308 vel
1161 1251 1325 1324 impugna-

150 1353 176 1409 ri
200 1368 298 1426 posse,
320 1349 375 1408 sed
396 1367 519 1425 semper
539 1349 660 1408 validas
682 1355 715 1408 et
735 1351 769 1406 in
790 1367 845 1406 suo
867 1347 976 1406 robore
992 1345 1058 1406 fore
1084 1352 1117 1405 et
1132 1365 1209 1423 esse,
1232 1351 1325 1421 atque

149 1449 189 1506 ab
211 1447 351 1506 omnibus
373 1449 511 1506 cuiusvis
544 1447 660 1522 gradus
682 1453 715 1505 et
739 1447 1004 1522 praeeminentiae
1040 1443 1268 1502 inviolabiliter
1290 1447 1323 1502 in

150 1545 264 1602 iudicio
286 1550 318 1602 et
339 1543 429 1604 extra
450 1545 610 1604 observari
631 1545 744 1603 debere
766 1543 972 1602 decernimus:
995 1543 1121 1600 irritum
1150 1561 1270 1618 quoque
1292 1547 1324 1599 et

149 1646 246 1700 inane·
263 1641 460 1700 declarantes
481 1645 508 1700 si
531 1659 619 1700 secus
641 1661 734 1717 super
756 1643 805 1700 his
826 1661 844 1698 a
866 1659 1027 1717 quoquam,
1055 1641 1165 1714 quavis
1187 1641 1322 1696 auctori-

149 1746 216 1798 tate
238 1740 288 1798 vel
319 1745 494 1816 praetextu,
517 1742 652 1798 scienter
673 1739 724 1797 vei
753 1742 935 1814 ignoranter
957 1739 1125 1814 contigerit
1157 1739 1320 1809 attentari3

150 1840 318 1896 contrariis
339 1857 400 1895 non
422 1836 619 1894 obstantibus
640 1836 894 1910 quibuscumque.
1160 1844 1175 1875 ⁸

230 1935 381 1995 Volumus
403 1939 506 1992 autem
528 1939 563 1992 ut
584 1933 693 1996 harum
730 1934 909 1994 litterarum
933 1931 1093 2009 exemplis,
1130 1935 1225 1990 etiam
1261 1935 1322 1990 im-

150 2035 277 2110 pressis,
299 2053 392 2092 manu
423 2038 527 2090 tamen
549 2031 674 2092 Notarii
711 2033 898 2109 subscriptis
921 2037 953 2090 et
974 2050 1030 2107 per
1064 2034 1270 2090 constitutum
1292 2033 1325 2088 in

149 2133 362 2194 ecclesiastica
382 2131 539 2208 dignitate
561 2133 664 2188 virum
685 2131 790 2208 sigillo
811 2133 951 2207 munitis,
974 2130 1080 2190 eadem
1111 2130 1264 2188 habeatur
1285 2129 1325 2186 fi-

151 2234 218 2310 des,
239 2250 317 2306 quae
339 2230 472 2290 Nostrae
489 2228 660 2287 voluntatis
675 2227 900 2306 significationi
922 2229 972 2287 his
986 2229 1205 2305 praesentibus
1222 2235 1325 2286 osten·

150 2333 196 2388 sis
217 2312 395 2387 haberetur.
453 2397 454 2400 Ἴ

231 2408 347 2484 Datum
369 2423 486 2483 Romae
521 2424 603 2500 apud
626 2423 774 2483 Sanctum
810 2424 939 2482 Petrum
975 2442 1056 2481 anno
1090 2423 1323 2482 Incernationis

153 2523 332 2583 Dominicae
354 2525 518 2584 millesimo
539 2524 817 2599 noningentesimo,
840 2527 928 2580 sexto
943 2520 1014 2579 idus
1035 2521 1224 2598 decembres,
1247 2521 1324 2578 Pon·

152 2621 292 2680 tificatus
315 2623 423 2682 Nostri
445 2623 591 2680 vicesimo
613 2623 717 2680 tertio.
849 2618 851 2623 ’

152 2843 188 2904 Ο.
210 2843 311 2903 Canu.
333 2841 480 2902 ALOISI
502 2841 704 2901 MASELLA
726 2841 891 2900 Pro-Dar.
914 2875 952 2884 —
973 2841 1012 2900 A.
1034 2840 1136 2900 Oeen.
1160 2839 1324 2899 MAOOHI

704 2971 779 3014 ursa·

344 3092 395 3150 Dr
418 3090 523 3150 Ovum
545 3092 571 3150 I.
593 3091 643 3148 Dn
664 3089 792 3157 onrns
817 3105 837 3146 n
859 3089 1123 3150 Vrcncourrrnvs

214 3276 280 3327 Loco
296 3279 314 3338 †
334 3277 435 3327 Plumln'

275 3429 340 3490 Περ.
358 3429 384 3476 in
401 3428 494 3478 Serrei.
512 3427 635 3477 Brecium

1076 3544 1103 3604 Ι.
1125 3543 1324 3603 Ovenonrvs.
