3234 4902
1325 334 1361 388 39

274 455 341 520 III.
366 456 431 520 Est
454 457 611 520 iuridica.
649 457 697 522 Et
720 479 857 524 revera:
883 458 1033 525 Societas
1056 459 1203 524 iuridioa
1224 459 1284 525 illa
1309 458 1359 523 di-

186 561 278 626 citur
300 584 386 646 quae
409 562 570 628 membris
598 571 730 630 constat
763 563 907 630 iuridice
940 588 1022 652 erga
1056 565 1166 652 ipsam
1200 565 1361 652 obligabis

185 670 241 736 vel
264 671 414 756 exlege,
438 675 494 736 vel
517 681 681 758 expecto
705 675 760 757 (1).
784 673 893 758 Atqui
910 674 966 740 lex
982 672 1102 740 divina
1128 681 1163 738 at
1178 673 1360 740 necessitas

185 777 264 842 finis
286 786 388 863 urget
411 801 525 844 omnes
549 778 677 844 Christi
702 779 818 844 fideles
842 779 1016 846 Ecclesiae
1050 779 1176 846 Christi
1201 779 1359 846 adscribi.

188 911 207 944 a
231 887 359 950 Eantea
382 889 490 951 docete
513 909 624 954 omnes
648 897 768 974 pentes,
802 887 853 953 ait
887 886 1054 971 Christus,
1080 889 1287 972 baptizantes
1309 909 1362 952 eoa

186 999 278 1057 etc...
296 996 444 1058 docentes
459 1015 511 1059 eoa
525 1017 659 1060 servare
671 997 784 1060 omnia
799 1018 1024 1082 quaecamque
1039 997 1200 1060 mandavi
1224 997 1313 1061 vobis
1328 1023 1358 1059 ».

187 1099 255 1164 Et:
294 1130 308 1157 ι
334 1101 400 1176 Qut
430 1103 611 1168 crediderit
633 1109 665 1166 et
688 1105 879 1187 baptizatas
913 1105 1019 1188 faerit
1053 1105 1168 1168 salvar
1202 1105 1275 1186 erit,
1302 1103 1361 1187 qai

185 1229 262 1273 vero
283 1230 347 1273 non
371 1209 551 1274 crediderit
576 1211 849 1275 condemnabitur
872 1237 902 1274 ».
928 1211 1023 1296 Ergo
1045 1217 1107 1276 etc.
1133 1213 1192 1292 (2).

276 1315 358 1380 Esse
382 1317 495 1382 autem
519 1315 709 1402 perfectam
735 1339 797 1403 por
820 1317 1084 1403 propositionem
1108 1318 1299 1403 probamus.

276 1457 328 1520 34.
353 1455 458 1522 Paos.
484 1495 523 1504 -
550 1455 736 1528 Ecclesia
760 1466 823 1548 est
846 1459 1019 1526 societas
1044 1458 1231 1543 perfecta.

275 1581 425 1647 Societas
449 1584 603 1668 perfecta
627 1583 695 1648 dici
720 1585 821 1650 dabat
849 1612 867 1646 a
881 1607 967 1669 quae
990 1596 1042 1649 est
1064 1582 1101 1648 in
1124 1607 1159 1648 se
1182 1581 1359 1668 completa,

185 1688 336 1772 adeoque
367 1689 480 1753 media
513 1690 555 1754 ad
580 1711 679 1755 suum
713 1691 813 1756 finem
850 1691 1071 1758 obtinendum
1095 1689 1300 1756 sufficientia
1323 1689 1361 1755 in

184 1794 367 1880 semetipsa
400 1795 503 1862 habet
538 1826 551 1854 a
592 1798 660 1880 (3);
709 1798 764 1862 vel
794 1797 872 1864 aliis
907 1799 1078 1884 verbis«
1115 1821 1201 1884 quae
1237 1807 1288 1864 est
1324 1797 1362 1862 in

185 1923 246 1967 suo
269 1901 387 1967 ordine
410 1903 475 1968 sibi
499 1903 670 1970 sufficiens
693 1913 728 1969 et
751 1904 982 1992 independens
1005 1933 1035 1971 a.
1064 1905 1158 1970 Idest
1176 1899 1294 1970 ¹tendit
1318 1905 1361 1970 ad

265 2174 306 2245 (1)
324 2173 350 2226 E
370 2179 475 2228 contra
505 2174 638 2229 societas
669 2193 743 2245 pure
776 2173 901 2229 moralis
922 2183 968 2228 est
988 2191 1024 2229 aa
1044 2174 1074 2228 in
1096 2191 1186 2244 quam
1206 2173 1245 2227 ad
1265 2186 1359 2224 unum

182 2265 347 2319 honestum
367 2263 458 2318 finem
486 2274 595 2318 coeunt
622 2265 733 2336 plures,
763 2263 836 2335 quin
861 2263 899 2318 ad
927 2263 1005 2318 hano
1023 2267 1201 2317 societatem
1221 2259 1360 2329 obbliga-

185 2353 300 2407 tionem
332 2353 426 2408 ullam
455 2353 590 2408 habeant
620 2353 726 2408 stricta
759 2354 853 2407 talem
882 2353 1007 2422 exlege
1027 2359 1080 2406 aut
1100 2369 1137 2405 ax
1157 2355 1254 2422 pareto.
1274 2346 1360 2402 Talis

185 2449 276 2497 asset*
288 2442 419 2496 societas
439 2442 653 2509 litteratorum,
673 2449 726 2496 aut
743 2440 909 2508 academia,
923 2441 1056 2495 societas
1070 2438 1361 2496 commoediorum....
1405 2495 1408 2500 ,

186 2531 239 2604 qui
259 2531 343 2585 nullo
364 2531 502 2600 ligentur
520 2532 651 2586 iuridico
663 2532 786 2587 vinculo
807 2530 966 2602 adipeam.
986 2530 1048 2585 cfr.
1062 2533 1104 2587 M.
1117 2531 1268 2600 DclLuca
1283 2527 1360 2583 Inst.

185 2621 249 2677 Iar.
268 2621 352 2690 publ.
371 2621 444 2677 eccl.
464 2621 530 2676 Vol.
550 2621 574 2688 I,
595 2639 622 2677 n.
643 2623 686 2676 41.

258 2729 299 2799 (2)
319 2727 381 2784 afr.
402 2731 581 2796 Liberotorc‚
601 2729 717 2784 Diritto
737 2729 841 2800 pubbl.
857 2747 880 2783 c.
896 2729 919 2795 I,
932 2735 988 2782 art.
1007 2727 1030 2794 Ι,
1045 2725 1099 2799 §L
1114 2728 1139 2793 2,
1153 2727 1177 2791 3,
1195 2726 1221 2792 4;
1247 2725 1362 2791 Cercib,

184 2816 310 2871 Lenioni
332 2816 362 2871 di
386 2817 506 2884 oiritto,
527 2819 585 2873 vol.
607 2817 631 2884 Ι,
651 2836 676 2888 p.
701 2818 725 2884 1,
750 2819 804 2873 lez.
821 2819 848 2872 4.

257 2905 360 2960 Aliam
380 2906 669 2962 demonstrationem
696 2906 812 2978 profert
838 2906 927 2961 Oard.
947 2907 1104 2978 Canopeis,
1137 2921 1183 2975 op.
1215 2903 1266 2959 cit.
1286 2902 1310 2969 Ι,
1330 2920 1359 2956 n.

183 2997 252 3052 211:
273 3016 289 3048 a
309 2996 369 3049 Illa
388 3003 436 3052 ost
455 2997 587 3052 societas
606 2995 742 3068 perfecte
756 3014 832 3067 quae
846 2995 974 3050 fundata
989 3005 1035 3050 ast
1048 2994 1087 3048 ab
1099 3011 1133 3048 eo
1154 2994 1201 3048 cui
1223 2999 1359 3063 potestas

184 3094 252 3140 erat
271 3103 337 3139 eam
357 3085 540 3140 instituendi
562 3095 592 3139 et
612 3085 738 3156 proinde
771 3085 799 3140 ei
820 3083 976 3139 tribuendi
997 3083 1045 3139 ius
1071 3083 1224 3138 existendi
1254 3089 1285 3136 et
1316 3081 1359 3135 vi-

184 3174 277 3230 vendi
298 3191 353 3230 sen
372 3175 519 3246 operandi
551 3174 748 3228 conformiter
766 3175 888 3247 proprio
908 3174 983 3242 fini;
1012 3174 1096 3244 atqui
1117 3170 1291 3227 huiusmodi
1312 3175 1358 3225 est

183 3263 344 3333 Ecclesia;
363 3262 492 3318 fundata
512 3265 592 3318 enim
613 3271 659 3318 ast
678 3282 695 3318 a
716 3263 839 3318 Christo
859 3264 998 3330 Domino,
1020 3262 1070 3317 cui
1098 3261 1289 3332 «plenitudo
1309 3277 1358 3330 po·

183 3353 309 3408 testatis
328 3353 440 3426 collata
469 3361 514 3407 est
548 3353 580 3406 in
600 3353 684 3408 coelo
710 3361 740 3407 ot
761 3353 791 3407 in
812 3360 905 3408 tarra,
923 3353 1046 3424 (Matth.
1064 3351 1214 3418 XXVIII,
1230 3351 1285 3420 18).
1303 3347 1358 3406 Er·

183 3459 233 3514 go.
253 3451 309 3498 eto.
329 3461 354 3497 a.

258 3549 297 3619 (3)
317 3551 473 3605 Consonat
492 3567 560 3604 cum
579 3552 651 3605 data
672 3551 852 3606 definitione
872 3551 957 3607 notio
977 3551 1116 3622 quamde
1132 3550 1278 3606 societate
1293 3565 1358 3618 per·

183 3638 266 3694 fecta
285 3640 390 3694 exibet
418 3641 448 3696 S.
470 3643 604 3705 Thomas,
626 3644 653 3706 1,
669 3643 695 3710 2,
716 3660 743 3713 q.
762 3643 805 3708 90,
826 3661 867 3698 ar.
887 3643 904 3696 3
923 3642 961 3696 ad
980 3641 1106 3696 tertium
1110 3681 1152 3696 .....
1183 3662 1197 3692 a
1221 3641 1279 3696 [lla
1300 3641 1359 3695 erit

182 3730 321 3802 perfecta
340 3730 542 3785 communitas
574 3748 650 3802 quae
671 3731 832 3786 ordinatur-
850 3732 888 3786 ad
907 3733 964 3787 hoo
983 3740 1017 3786 ut
1035 3731 1125 3786 homo
1145 3732 1258 3787 habeat
1278 3731 1357 3786 suffi-

183 3820 300 3875 cienter
321 3819 469 3891 quidquid
489 3827 537 3874 est
556 3821 764 3876 necessarium
784 3822 823 3874 ad
843 3823 937 3876 vitam
959 3842 983 3880 a.

254 3907 295 3960 Et
314 3911 441 3973 Aristot,
463 3909 482 3962 1.
503 3909 526 3975 1,
547 3908 672 3962 Politia.
692 3928 708 3962 a
729 3908 872 3963 Perfecta
893 3919 994 3966 autem
1014 3910 1146 3964 societas
1167 3908 1358 3980 expluribus

179 3994 302 4051 viribus
331 3993 463 4049 conflata
492 3996 603 4050 civitas
632 4005 689 4066 est,
709 4014 787 4068 quae
808 3997 845 4051 ad
869 4015 1018 4052 summum
1038 3997 1108 4062 iam,
1128 4005 1163 4051 ut
1183 3997 1227 4052 ita
1247 3997 1358 4067 dicam,

181 4086 282 4142 omnis
302 4085 407 4158 copiae
439 4087 557 4142 culmen
594 4087 740 4160 pervasit,
774 4089 834 4143 sibi
855 4091 944 4164 plana
965 4089 1128 4156 sufficiens,
1148 4097 1215 4142 orta
1235 4087 1358 4160 quidem

181 4176 309 4232 vivendi
330 4193 431 4242 causa,
452 4185 595 4231 constans
616 4188 717 4232 autem
737 4177 814 4233 bane
833 4179 957 4234 vivendi
979 4179 1125 4250 gratia».
