3198 4898
303 321 358 378 330

305 469 341 512 re
364 447 480 534 aliqua
503 449 682 535 temporali
706 456 767 515 aut
796 448 924 516 iurium
960 448 1194 536 universitate,
1227 473 1287 518 seu
1323 451 1480 518 cohaeret

304 575 465 640 personae
490 556 692 642 fundatoris,
717 558 772 624 vel
796 557 868 623 eius
890 559 1027 624 haeredi
1051 558 1255 645 ubicumque
1279 559 1308 625 is
1341 558 1476 627 existat.

393 665 495 728 Recte
518 663 607 748 quod
630 663 732 730 alicui
757 665 919 751 competit
942 665 1073 733 ratione
1095 665 1144 732 rei
1168 667 1366 752 temporalis
1393 666 1476 752 legi·

302 767 386 834 time
408 790 586 854 possessae,
611 771 666 836 vsl
689 771 774 836 certi
795 771 881 837 iuris
904 771 1004 841 realis
1027 772 1082 839 cui
1104 771 1158 838 ius
1188 779 1391 858 patronatus
1425 771 1475 836 in-

303 875 430 940 haeret.
455 876 511 940 Ex
535 897 587 962 gr.
610 877 638 942 si
662 877 832 944 adnexum
853 877 900 944 sit
922 885 1042 961 castro,
1066 877 1179 963 villae,
1203 879 1312 943 fundo
1334 885 1398 941 ete.
1424 876 1476 942 vel
1567 923 1568 934 .

303 980 414 1047 officio
440 980 554 1048 alicui.

393 1088 433 1173 O)
456 1091 743 1175 Hcs-creditarium,
759 1092 945 1176 familiare,
959 1093 1171 1178 gentilitium,
1188 1089 1374 1158 secundum
1386 1088 1474 1174 quod

303 1194 511 1280 relinquitur
534 1196 735 1262 haeredibus
769 1197 1049 1283 quibuscumque,
1084 1196 1204 1262 veliis
1227 1197 1285 1282 qui
1310 1219 1330 1262 a
1354 1195 1474 1260 funda·

304 1311 375 1368 tore
398 1303 607 1370 descendunt
629 1327 692 1390 per
719 1328 878 1390 personas
901 1305 1080 1372 masculini
1104 1328 1212 1390 sexus,
1237 1305 1293 1370 vel
1321 1301 1475 1369 omnibus

303 1407 495 1476 fundatoris
518 1411 653 1496 agnatis
676 1411 780 1477 etiam
803 1411 1053 1478 collateralibus
1076 1419 1087 1496 (
1113 1419 1134 1495 ).

392 1518 438 1599 D)
457 1520 635 1603 privatum
658 1527 692 1585 et
715 1521 853 1606 reptem:

392 1627 573 1691 Privatum
598 1627 686 1710 quod
702 1625 896 1692 hominibus
911 1625 1058 1711 privatis
1081 1627 1124 1691 ab
1147 1623 1302 1690 Ecclesia
1323 1631 1376 1688 est
1397 1644 1473 1687 con·
1566 1665 1567 1668 =

303 1752 440 1813 cessum;
466 1733 592 1817 replum
616 1733 705 1817 quod
729 1731 952 1816 regnantibus
975 1733 1137 1818 competit
1160 1737 1171 1815 (
1196 1737 1216 1813 ).

335 1831 338 1838 ’
391 1839 753 1923 166.·Iuspatronatus
775 1838 973 1923 acquirendi
997 1861 1136 1924 capaces
1159 1845 1239 1904 sunt
1261 1861 1377 1904 omnes
1410 1835 1466 1921 qui

302 1943 427 2009 vivunt
449 1942 485 2008 in
509 1945 742 2010 communione
766 1945 961 2010 christiana.
993 1945 1236 2010 Excluduntur
1257 1966 1338 2029 ergo
1350 1941 1470 2025 iudaei,

302 2050 438 2136 pagani,
463 2051 614 2132 infideles
637 2060 673 2118 et
695 2051 869 2118 haeretici.
892 2053 1057 2118 Attamen
1090 2052 1229 2116 inducta
1263 2051 1356 2116 civili
1395 2051 1471 2116 tole-

302 2158 415 2224 rantia
437 2159 530 2244 pacis
553 2159 785 2246 Westphaliae
809 2183 863 2224 an.
889 2160 986 2243 1648,
1010 2158 1160 2226 obtinuit
1182 2166 1222 2224 ut
1244 2158 1346 2224 etiam
1365 2166 1470 2243 prote·
1568 2227 1569 2266 1

302 2273 430 2330 stantes
453 2264 708 2352 iuspatronatus
742 2267 832 2332 reale
856 2273 1052 2332 exercerent
1073 2265 1110 2331 in
1133 2265 1290 2330 ecclesias
1321 2271 1355 2330 et
1377 2265 1469 2330 bene·
1568 2267 1569 2330 Ϊ

301 2371 378 2437 ficia
401 2396 421 2437 a
456 2371 631 2438 catholicis
655 2373 794 2439 obtenta
818 2381 852 2438 et
875 2372 1057 2457 vicoversa‚
1089 2373 1178 2458 quod
1202 2371 1301 2438 hodie
1344 2392 1469 2457 quoque

302 2487 459 2544 servatur
481 2480 539 2560 (3).

391 2584 484 2650 Modi
508 2584 706 2671 acquirendi
730 2584 985 2670 iuspatronatus
1007 2583 1066 2649 alii
1089 2585 1265 2671 eripiunt-ii
1288 2592 1379 2666 sunt,
1414 2580 1468 2647 alii

302 2693 457 2756 deducti.

371 2903 412 2974 (1)
435 2903 529 2958 ‹Ree
557 2909 631 2972 tota,
655 2903 700 2958 ait
719 2907 821 2976 Enyel,
841 2903 909 2958 Lib.
934 2903 993 2969 ΙΙΙ,
1012 2903 1060 2958 tit.
1079 2903 1218 2958 XXVIII
1240 2903 1277 2958 de
1306 2904 1372 2959 iure
1400 2911 1468 2974 patr,

300 3009 337 3046 ex
357 2993 454 3062 prima
473 2992 695 3048 constitutione
726 2993 986 3064 iurispatronatus
1006 2992 1161 3063 dependit.
1180 2993 1235 3048 Est
1255 2993 1338 3046 enim
1358 2995 1388 3048 in
1407 2991 1466 3046 fuu-

300 3079 416 3134 datoris
436 3088 588 3151 potestate
607 3081 677 3148 sibi,
698 3082 745 3136 vel
766 3080 902 3136 familiae
917 3098 990 3135 suae
1005 3081 1234 3152 iuspatronatus
1245 3097 1410 3148 reservare,
1424 3077 1465 3132 vel

300 3169 371 3223 aliis
392 3171 484 3225 etiam
505 3171 618 3224 donare
637 3170 822 3224 haeredibus
842 3189 869 3222 ».

371 3277 412 3348 (2)
431 3277 538 3344 Quoad
558 3281 672 3349 replum
690 3281 889 3347 patronatum
904 3277 973 3332 vide
989 3281 1095 3333 Leonis
1112 3279 1201 3332 XIII
1226 3277 1317 3346 epist.
1336 3276 1374 3330 ad
1387 3272 1464 3330 Oard.

299 3367 383 3437 sagr.
403 3367 509 3422 status
527 3368 562 3421 ar
582 3369 661 3437 Aug.
682 3368 761 3437 1sis,
781 3368 812 3420 in
827 3367 914 3422 Acus
929 3365 959 3422 s,
978 3367 1074 3430 esuis,
1088 3367 1175 3434 x1x,
1194 3367 1247 3422 351
1268 3373 1297 3420 et
1314 3362 1465 3437 seques·
1569 3335 1570 3412 l

299 3474 417 3528 quoque
437 3458 738 3528 Fricdberp·Ruffini,
760 3477 775 3508 c
797 3457 936 3510 Trattato
957 3457 1005 3510 del
1026 3455 1142 3512 Diritt'o
1162 3456 1234 3510 eccl.
1253 3474 1269 3505 »
1292 3453 1312 3526 Q
1333 3455 1391 3509 123.
1411 3474 1422 3500 ‹
1439 3450 1461 3504 Il

299 3545 414 3600 Diritto
434 3554 593 3616 petronate
623 3545 668 3599 de’
689 3545 810 3598 sovrani
840 3565 853 3594 »
875 3545 927 3600 ubi
948 3553 1012 3600 not.
1030 3547 1054 3610 7,
1074 3544 1142 3600 fuse
1163 3543 1335 3600 etsinistre
1353 3539 1461 3614 egilde

298 3635 545 3705 inrepatronatus
566 3633 654 3704 regio
674 3633 704 3688 in
725 3634 827 3688 Italia.
859 3633 922 3690 cfr.
946 3637 1056 3702 Weiss,
1078 3635 1118 3700 ΙΙ,
1139 3631 1460 3705 n.401.Specialein1

299 3724 441 3779 stitutum
461 3730 532 3778 sunt
553 3725 697 3794 Beneficia
710 3728 863 3793 palatium
882 3732 1045 3779 censentur
1064 3724 1145 3778 enim
1159 3723 1349 3794 capellaniae
1368 3719 1458 3790 regiae

298 3812 434 3880 laicales,
455 3830 582 3884 quorum
604 3812 696 3868 etiam
716 3813 843 3866 collatio
872 3813 910 3867 ad
929 3813 1097 3885 principem
1117 3822 1244 3884 spectat.
1261 3811 1331 3870 oft.
1349 3809 1459 3872 Nasoni,

298 3919 345 3973 op.
365 3901 416 3956 cit.
436 3902 477 3962 ΙΙ,
497 3919 525 3973 p.
543 3903 606 3956 256.

370 4009 409 4078 (3)
428 4009 477 4062 lta
497 4010 528 4063 iu
561 4007 709 4064 Bohemia
738 4007 886 4062 haeretici
911 4008 947 4063 50
974 4007 1102 4079 iuspatr.
1128 4007 1384 4088 obtinent-quin
1414 4003 1460 4058 lic·

298 4098 394 4153 closis
408 4098 567 4167 catholica,
582 4116 635 4168 pro
649 4097 728 4151 bono
745 4096 838 4168 pacis,
855 4097 1009 4152 reclamet.
1022 4096 1085 4153 cfr.
1103 4097 1231 4163 Schelle,
1251 4091 1460 4166 compendium

296 4187 321 4256 1,
343 4188 380 4244 E.
398 4206 426 4260 p.
445 4189 508 4257 aiu
527 4189 744 4254 Sebastiauellr}
764 4187 806 4254 ΙΙ,
827 4205 855 4242 n.
873 4187 936 4242 213.
