3234 4902
1300 367 1337 419 ee

249 486 482 552 Confirmatur¹
512 511 556 552 ox
588 489 744 556 doctrina
777 491 992 556 Pontificum.
1029 491 1083 556 Ita
1120 495 1154 558 S.
1181 495 1336 560 Gemeiue

159 594 254 678 Papa
276 595 320 658 ad
342 593 563 660 Anastasium
585 595 844 684 imperatorem:
872 625 890 658 ‹<
914 599 1086 678 Quantum
1110 599 1152 664 ad
1176 600 1331 668 ordinem

159 701 310 787 pertinet
333 699 490 788 publicae
506 701 643 785 (civilis)
659 703 870 791 disciplinae,
887 713 1126 790 cognoscentes
1151 705 1335 792 imperium

159 807 223 872 tibi
246 831 404 894 suprema
437 807 658 894 dispositione
693 811 863 896 collatum,
898 812 1031 897 legibus
1066 813 1135 878 tuis
1158 813 1224 899 ipsi
1250 837 1331 900 quo-

159 937 224 1000 que
247 922 370 1000 parent
391 914 567 1000 religionis
589 915 760 983 antistites
784 945 815 984 ».
839 921 874 985 S.
902 920 1081 1005 Greporios
1094 921 1151 1004 M,
1177 921 1275 1006 epist.
1302 926 1333 1008 2,

160 1021 202 1087 ad
224 1021 372 1087 Leonem
395 1023 573 1088 Isaurum:
611 1025 943 1112 «Quemadmodum
978 1025 1139 1092 Pontifex
1170 1027 1331 1116 introspi-

97 1170 100 1175 -
159 1127 271 1194 ciendi
300 1128 338 1194 in
361 1128 528 1214 palatium
561 1137 763 1215 potestatem
786 1155 854 1198 non
879 1133 981 1198 habet
1004 1157 1043 1198 ac
1066 1133 1254 1220 dignitates
1280 1159 1331 1202 re-

160 1235 232 1321 gias
256 1234 463 1320 conferendi,
498 1235 547 1300 sic
549 1285 600 1302 .....
626 1263 657 1301 ».
691 1239 781 1302 item
821 1262 863 1304 ex
891 1238 1054 1305 Conciliis
1077 1247 1117 1305 ut
1139 1264 1190 1306 ex.
1216 1264 1266 1327 gr.
1291 1267 1334 1308 ex

160 1345 280 1414 Later.
294 1343 355 1427 IV,
389 1365 417 1408 o.
442 1345 485 1407 42
522 1369 541 1404 ‹
565 1341 664 1408 Sicut
694 1367 763 1410 non
789 1345 948 1410 volumus
971 1353 1011 1411 ut
1033 1344 1109 1412 iura
1133 1347 1333 1415 clericorum

158 1471 227 1515 non
248 1457 414 1534 usurpent
447 1449 536 1534 laici,
570 1449 620 1516 ita
658 1451 747 1516 velle
769 1452 941 1535 debemus,
965 1475 1008 1518 ne
1031 1451 1145 1518 clerici
1168 1453 1245 1520 iura
1267 1455 1333 1522 sibi

158 1554 334 1622 vindicent
357 1555 521 1621 laicorum
544 1583 563 1616 ›
590 1560 646 1639 (1).

249 1681 302 1746 69.
340 1679 596 1746 Ooaonmamu.
632 1721 673 1728 -
709 1681 862 1748 Societas
905 1683 1017 1749 civilis
1049 1684 1130 1749 licet
1166 1686 1334 1753 catholica

158 1787 331 1853 exclusive
354 1793 555 1872 potestatem
588 1787 690 1852 habet
724 1788 761 1853 in
796 1791 895 1854 rebus
922 1790 1169 1876 temporalibus
1193 1794 1256 1858 sub
1280 1816 1331 1858 re-

159 1902 276 1982 spectu
296 1894 374 1960 finis
397 1893 593 1980 temporalis
616 1893 887 1982 independenter¹
906 1898 949 1964 ab
972 1898 1136 1964 Ecclesia.

249 2020 500 2085 tormen.
526 2019 636 2086 —ln
675 2023 794 2088 rebus
829 2045 928 2110 quae
965 2025 1049 2091 sive
1083 2045 1155 2110 per
1178 2046 1222 2092 se
1247 2026 1332 2094 sive

159 2147 230 2213 per
254 2127 444 2194 accidens
469 2125 616 2194 iudicio
643 2125 848 2196 Ecclesiae
886 2130 1138 2198 necessariae
1163 2133 1330 2198 suntad

157 2232 283 2300 finem
308 2230 569 2317 spiritualem,
596 2231 753 2298 etiamsi
772 2235 1014 2320 temporales
1031 2235 1123 2313 sint,
1146 2235 1331 2307 Ecclesia

158 2344 400 2424 potestatem
425 2355 539 2404 suam
563 2337 647 2403 iure
673 2357 862 2406 exercere
880 2346 1021 2425 potest,
1047 2348 1087 2407 et
1111 2341 1242 2408 civilis
1269 2361 1332 2409 so·

160 2445 284 2513 cietas
309 2443 441 2510 eidem
468 2445 611 2510 cedere
636 2444 766 2511 debet.

246 2549 350 2616 Ratio
381 2551 519 2635 primae
540 2549 650 2635 partis
665 2605 666 2608 ,
684 2549 818 2616 eruitur
852 2575 894 2617 ex
928 2551 1029 2617 dictis
1064 2553 1219 2640 superius
1242 2553 1333 2620 cirea

157 2665 317 2724 naturam
341 2656 524 2742 Ecclesiae,
548 2659 637 2742 quod
661 2657 799 2724 scilicet
825 2657 870 2723 sit
893 2657 1034 2724 societas
1056 2682 1125 2726 non
1147 2659 1333 2746 spirituum

158 2764 362 2850 simpliciter
396 2765 453 2830 sed
487 2765 663 2831 hominum
698 2765 811 2830 anima
848 2772 882 2830 et
918 2788 1056 2850 corpore
1091 2766 1331 2832 constantium.

158 2875 329 2941 Secundae
352 2878 467 2936 autem
480 2892 522 2936 ex
538 2870 814 2936 subordinatione
837 2870 1007 2938 societatis
1030 2871 1142 2938 civilis
1159 2872 1333 2938 Ecclesiae

157 2987 277 3066 utpote
298 2977 471 3044 inferioris
487 2977 664 3064 superiori.
689 2977 737 3042 Et
765 2999 884 3044 revera
902 2985 953 3044 est
975 2980 1148 3045 theorema
1163 2980 1332 3065 generale:

160 3111 178 3148 c
202 3089 486 3151 Peccauerunt
513 3092 551 3149 ut
572 3087 655 3171 fiaes
677 3111 696 3144 a
722 3087 788 3168 (2);
826 3084 921 3168 atqui
944 3084 1022 3150 finis
1046 3085 1230 3170 Ecclesiae,
1254 3108 1333 3152 cum

230 3320 268 3385 (1)
288 3315 350 3371 cfr.
369 3316 484 3388 pariter
504 3315 589 3372 varia
613 3316 679 3370 loca
711 3316 768 3371 iur.
788 3333 854 3372 can.
874 3314 985 3387 quibus
1006 3315 1081 3369 haec
1102 3315 1243 3370 doctrina
1263 3333 1332 3370 con·

157 3407 303 3462 firmatur.
324 3407 373 3460 Ita
393 3425 438 3461 ex.
458 3424 502 3476 gr.
522 3423 546 3462 c.
566 3409 654 3468 Licet.
676 3409 719 3472 10,
739 3407 775 3460 de
796 3405 861 3459 foro
889 3405 1093 3473 competenti3
1120 3424 1143 3460 e.
1163 3407 1264 3470 Novit,
1294 3406 1331 3460 de

157 3497 239 3561 iud.;
265 3515 289 3552 c.
310 3499 367 3551 Per
385 3499 581 3552 venerabilem
602 3495 895 3561 etc.Ofr.Bellarm.,
915 3492 1059 3550 DeRom.
1073 3494 1197 3560 Pontii,
1218 3494 1273 3550 lib.
1294 3495 1329 3563 V,

157 3603 184 3640 c.
202 3587 217 3640 1
238 3593 269 3639 et
289 3603 386 3656 seqq.;
406 3589 527 3650 Saurea,
548 3583 617 3640 Def.
635 3583 719 3652 fidei,
733 3583 786 3636 lib.
805 3583 863 3650 111,
885 3601 909 3636 c.
937 3581 972 3648 V,
987 3600 1016 3638 n.
1036 3583 1052 3635 7
1072 3591 1103 3637 et
1122 3601 1228 3654 seqq.;
1259 3586 1331 3639 Tur·

155 3679 249 3747 quini,
269 3673 369 3744 opsit.
391 3692 420 3730 n.
439 3675 483 3728 53.
679 3698 681 3702 .

227 3783 265 3848 (2)
284 3782 508 3851 Argumentum
529 3789 575 3834 ost
596 3782 625 3836 S.
647 3782 782 3847 Thomna,
811 3781 837 3848 2,
857 3783 883 3847 2,
903 3798 931 3851 q.
951 3779 1015 3845 LX,
1037 3796 1063 3834 a.
1082 3779 1117 3831 6:
1147 3798 1163 3833 «
1184 3779 1329 3833 Potestas

155 3870 334 3940 temporalis
363 3869 506 3925 subditur
537 3869 700 3940 spirituali,
734 3877 768 3923 ut
797 3867 907 3940 corpus
938 3867 1067 3934 animae,
1093 3874 1128 3922 ut
1146 3867 1237 3938 Greg.
1256 3869 1330 3923 Nan.

154 3958 232 4014 dicit
252 3970 330 4014 orat.
350 3959 398 4028 173
429 3965 458 4013 et
480 3958 549 4012 ideo
568 3975 626 4011 non
648 3963 695 4012 est
715 3964 894 4028 usurpatum
928 3955 1077 4012 iudicium
1109 3957 1135 4011 si
1156 3956 1331 4027 spiritualis

154 4047 320 4102 Praelatus
340 4065 372 4103 ss
393 4047 580 4102 intromittet
599 4047 636 4101 da
656 4047 876 4118 temporalibus
896 4065 918 4099 ».
953 4045 1015 4101 Cir.
1040 4045 1155 4116 pariter
1175 4049 1332 4114 Bellarm,

155 4136 492 4204 Controv.tom.1,de
523 4155 596 4192 rom.
616 4135 776 4203 Pontifice,
806 4135 861 4191 lib.
880 4135 916 4202 V,
936 4135 1005 4204 e.6;
1026 4137 1206 4200 Liberatore,
1240 4133 1332 4190 Rela-

155 4227 244 4282 aione
264 4233 312 4281 tra
331 4227 362 4281 la
382 4226 495 4282 Ohiesa
514 4243 529 4279 a
551 4227 578 4279 lo
598 4225 692 4292 State,
713 4242 740 4281 c.
758 4224 782 4291 I,
802 4242 829 4281 a.
847 4226 876 4293 ὃς
894 4226 994 4290 Icard,
1015 4241 1062 4294 op.
1082 4223 1134 4277 cit.
1155 4241 1185 4294 p.
1203 4223 1228 4289 I,
1248 4241 1277 4279 n.
1296 4224 1332 4278 65

154 4324 187 4372 et
205 4334 290 4388 seqq.

235 4457 369 4501 Muranum
383 4481 409 4489 -
423 4456 542 4502 Elementa
556 4457 619 4500 iuria
632 4455 684 4501 cccl.
696 4455 762 4510 publ.
776 4458 798 4499 et
808 4457 910 4510 privati.
1224 4452 1238 4496 6
