3266 4896
1311 312 1350 366 95

164 438 243 504 lata
267 437 337 503 fuit
359 437 442 502 haec
477 443 626 522 potestas
653 436 760 502 Beato
783 435 885 500 Petro
908 443 943 500 et
965 433 1067 499 aliter
1091 434 1273 519 Apostolis,
1299 434 1348 499 ita

164 564 313 628 :agemus
330 541 424 630 prius
447 544 487 609 de
512 541 715 608 auctoritate
744 541 777 607 S.
802 539 979 606 Pontificis
1002 547 1036 604 et
1058 539 1182 606 deinde
1206 541 1247 606 dc
1271 563 1347 606 auc-

171 647 313 714 toritate
337 649 597 736 Episcoporum.

682 936 792 980 narro.
818 937 840 980 1.

578 1061 609 1122 te
629 1063 747 1136 planu
766 1059 796 1121 8.
814 1060 943 1122 lentitius.

725 1289 795 1370 tl,

566 1437 607 1484 De
632 1443 734 1484 natura
753 1436 952 1486 pontificatus.

264 1611 338 1676 106.
362 1611 415 1675 Ex
438 1609 473 1675 S.
498 1609 683 1695 Theologia
704 1609 863 1676 novimus
886 1607 1072 1696 primatum
1095 1634 1115 1675 a
1145 1609 1282 1677 Christo
1305 1604 1345 1676 B.

171 1717 275 1782 Petro
308 1717 469 1782 collatum
503 1737 571 1782 non
604 1739 675 1782 esse
698 1723 834 1782 tantum
866 1715 1003 1782 honoris
1025 1717 1083 1782 sed
1105 1715 1209 1782 etiam
1246 1717 1346 1784 iuris-

165 1822 341 1909 dictionis,
364 1822 506 1908 ideoque
529 1822 715 1909 importare
748 1831 951 1910 potestatem
974 1845 1176 1909 supremam,
1211 1824 1346 1890 ordina·

171 1930 259 1996 riam
275 1935 309 1994 et
324 1928 556 1995 immediatam
578 1928 616 1994 in
642 1927 835 1995 universam
859 1927 1058 2014 Ecclesiam,
1081 1929 1271 2014 legiferam,
1296 1930 1346 1995 iu-

170 2034 359 2120 diciariam,
384 2035 582 2102 coactivam.

260 2143 307 2208 Et
330 2141 495 2228 probatur
528 2167 570 2208 ex
604 2143 707 2208 Couc.
741 2142 957 2229 generalibus
993 2167 1032 2208 ac
1067 2144 1267 2229 praesertim
1303 2169 1346 2210 ex

164 2273 246 2318 can.
283 2249 385 2316 Oonc.
420 2249 579 2316 Vaticani
615 2249 674 2336 qui
709 2249 861 2316 adiectus
896 2272 969 2336 cap.
1004 2251 1059 2316 ΠΙ
1093 2252 1135 2318 da
1167 2250 1344 2318 Ecclesia:

166 2385 192 2419 ,ι
216 2357 253 2423 Si
278 2357 354 2442 quis
377 2357 504 2422 dixerit
527 2357 720 2422 Romanum
743 2356 943 2422 Pontificem
960 2357 1084 2424 habere
1109 2359 1345 2424 tantummodo

145 2464 319 2532 officium
353 2464 574 2550 inspectionis
608 2466 662 2530 vel
689 2464 895 2549 directionis,
920 2487 988 2530 non
1011 2474 1125 2531 autem
1151 2468 1286 2552 plenam
1311 2476 1345 2533 et

163 2595 364 2659 supremam
387 2580 590 2658 potestatem
618 2571 863 2638 iurisdictionis
886 2573 923 2638 in
939 2573 1131 2638 universam
1157 2574 1345 2640 Ecclesiam

164 2681 370 2746 nouaclum
404 2680 440 2744 in
463 2679 563 2745 rebus
599 2701 685 2764 quae
708 2680 751 2744 ad
774 2679 875 2744 fidem
899 2687 934 2743 et
957 2701 1075 2763 mores,
1101 2671 1157 2745 sed
1181 2680 1285 2746 etiam
1308 2681 1344 2746 in

167 2788 214 2854 iis
237 2810 324 2872 quae
347 2789 390 2852 ad
412 2787 687 2875 disciplinamet
709 2787 862 2872 regimen
878 2788 1050 2854 Ecclesiae
1074 2811 1135 2874 per
1157 2798 1268 2856 totum
1291 2813 1343 2857 or-

106 2895 108 2901 ’
165 2897 248 2962 ¹bem
282 2895 428 2961 diffusae
463 2895 657 2980 pertinent;
697 2902 757 2960 aut
787 2917 865 2960 eum
889 2895 1013 2960 habere
1038 2903 1173 2961 tantum
1197 2897 1344 2982 potiores

169 3011 294 3090 partes,
318 3025 386 3068 non
420 3024 501 3068 vero
525 3009 627 3068 totam
657 3003 902 3087 plenitudinem
926 3001 1029 3066 huius
1051 3025 1228 3088 supremae
1252 3011 1344 3090 pote-

164 3108 283 3193 statis,
304 3117 364 3175 aut
387 3109 474 3174 hanc
497 3109 569 3174 eius
593 3115 795 3196 potestatem
819 3130 886 3174 non
901 3131 972 3174 essa
995 3111 1207 3176 ordinariam
1230 3117 1264 3176 et
1282 3113 1343 3176 im-

169 3219 354 3287 mediatam
392 3215 464 3282 sive
498 3215 535 3280 in
569 3237 684 3281 omnes
713 3221 748 3280 et
771 3213 922 3300 singulos
961 3223 1111 3300 pastores
1146 3224 1180 3282 et
1218 3217 1343 3301 fideles,

165 3323 400 3405 A.S.»().

242 3538 280 3602 (1)
299 3535 340 3590 Et
360 3535 420 3589 iam
439 3535 568 3606 primum
590 3535 680 3590 Cone.
700 3538 842 3607 Lupduc.
859 3535 909 3590 II:
943 3555 959 3587 e
980 3536 1053 3608 Ipsa
1073 3554 1191 3608 queque
1212 3537 1239 3592 S.
1256 3536 1344 3594 Rom.

166 3625 311 3684 Ecclesia
331 3617 481 3680 summum
501 3631 532 3679 et
551 3623 675 3696 plenum
705 3624 868 3695 primatum
888 3633 922 3680 et
941 3624 1146 3696 principatum
1166 3643 1258 3696 super
1276 3627 1343 3681 uni·

166 3733 289 3773 versam
303 3713 474 3770 Ecclesiam
489 3711 680 3768 Catholicam
693 3713 843 3772 obtinet...
856 3731 921 3769 cum
937 3713 1129 3785 plenitudine
1141 3716 1313 3785 potestatis.
1327 3735 1341 3768 a

166 3806 235 3864 cfr.
259 3807 415 3874 Eordaia,
435 3802 549 3860 Cellae.
569 3803 660 3860 Ocno.
679 3811 752 3860 tom.
773 3805 798 3872 7,
818 3823 848 3876 p.
868 3805 930 3862 695.

242 3893 332 3949 Item.
351 3893 443 3948 (lonc.
464 3896 681 3962 Florentinum,
702 3893 734 3948 in
753 3895 874 3950 decreto
894 3894 1027 3949 unionis.
1058 3893 1097 3948 Et
1119 3895 1150 3950 S.
1167 3896 1342 3951 Bernurdua

169 3985 312 4056 Euganio
332 3985 381 4040 III
402 3984 574 4040 scribebat:
594 4005 610 4036 a
624 3985 670 4038 Tu
689 4000 722 4038 es
740 3989 892 4054 potestate
913 3983 1040 4053 Petrus,
1064 3989 1098 4037 tu
1118 3999 1151 4038 es
1171 3981 1220 4037 cui
1241 3981 1342 4038 claves

166 4073 304 4130 traditae
325 4079 406 4130 suut.
425 4075 502 4130 Sunt
521 4071 643 4145 quidem
664 4078 696 4128 ct
715 4071 770 4128 elii
789 4073 867 4127 coeli
889 4071 1036 4127 ianitores
1051 4077 1082 4126 et
1095 4089 1223 4142 gregum
1242 4079 1343 4143 pasto·

168 4180 229 4231 res;
248 4163 303 4219 sed
321 4169 355 4218 tu
375 4169 462 4243 tanto
485 4161 661 4234 gloriosius,
681 4167 795 4234 quanto
824 4168 854 4215 at
874 4159 1070 4217 differentius
1088 4169 1250 4233 utrumque
1269 4178 1345 4232 praa
