3198 4898
324 313 378 370 346

325 440 382 506 sed
403 440 447 506 ad
471 431 662 508 Ecclesiam
696 442 964 508 revertebantur.
989 440 1098 508 Hodie
1131 449 1248 508 tamen
1270 443 1490 508 masuetudiua

319 549 574 634 privatumque
607 546 652 616 R.
686 547 891 615 Pontificum
924 569 993 614 non
1027 547 1176 636 amplius
1206 547 1320 614 clerici
1363 547 1406 612 de
1443 545 1490 612 his

325 651 422 720 bonis
434 653 475 720 ad
501 677 618 720 causas
641 653 715 740 pias
739 677 759 720 a
776 653 988 720 testamentis
1004 653 1187 722 condendis
1199 649 1426 742 prohibentur
1447 656 1489 737 (1)

324 760 394 827 imo
415 765 449 827 et
472 761 669 847 obligantur
692 761 728 826 in
751 760 826 828 foro
849 759 1073 828 conscientiae
1100 769 1205 847 atque
1219 761 1256 828 in
1271 760 1344 827 foro
1361 769 1490 828 externo

325 865 508 950 Ecclesiae,
533 867 636 958 salvis
659 865 923 932 limitationibus
947 865 1037 932 circa
1065 853 1233 952 quaedam
1270 866 1404 933 obiecta
1427 867 1490 930 iure

325 973 493 1040 communi
517 975 570 1040 vel
593 972 794 1061 particulari
818 995 850 1038 v.
870 995 903 1059 g.
926 993 989 1059 pro
1004 972 1186 1062 Episcopis
1209 980 1244 1040 et
1257 973 1489 1040 Gardinalibus

324 1081 464 1148 statutis
486 1083 545 1166 (2).
605 1127 609 1133 -

781 1491 927 1568 PARS
963 1491 1040 1566 III.

714 1709 800 1782 ne
829 1710 1095 1802 uiciens,

799 2019 954 2087 CAPUT
976 2019 1005 2086 Ι.

740 2181 776 2258 ta
801 2185 933 2272 unlustau
958 2181 1081 2259 intitul.

416 2430 589 2496 Ecclesiae
614 2429 799 2498 catholicae
821 2438 1024 2516 potestatem
1050 2431 1266 2510 iudiciariam
1305 2437 1481 2516 competere

322 2537 391 2604 iam
416 2539 565 2604 vidimus
588 2537 625 2604 in
647 2537 721 2604 iure
746 2539 883 2624 publico
906 2539 965 2603 ubi
983 2539 1289 2604 demonstravimus
1306 2537 1481 2604 Ecclesiam

322 2645 376 2711 ius
398 2645 576 2732 proprium
599 2646 722 2711 habere
746 2645 877 2710 ferendi
903 2645 1088 2711 sententias
1111 2669 1197 2732 quae
1220 2669 1320 2711 suum
1336 2646 1481 2710 effectum

322 2752 509 2818 sortiantur
531 2752 568 2817 in
591 2752 665 2818 foro
699 2759 770 2818 tam
809 2744 1017 2819 contentioso
1054 2775 1157 2838 quam
1195 2753 1398 2836 voluntario,
1435 2769 1481 2814 reo

321 2859 426 2924 etiam
448 2859 569 2926 invite.

411 2965 477 3031 Hic
501 2967 591 3032 circa
614 2968 751 3033 modum
765 2952 876 3032 ¹huius
898 2966 1096 3033 iudiciariae
1119 2967 1298 3053 potestatis
1336 2987 1478 3034 exercen-

322 3073 393 3157 dae,
419 3073 550 3158 aliquas
573 3097 707 3140 normas
730 3073 969 3142 subnectimus.

393 3286 432 3356 (l)
454 3284 516 3341 Gfr.
535 3289 582 3342 Pii
604 3289 650 3342 [Χ
668 3286 771 3354 Const,
794 3307 807 3337 ι
828 3288 903 3344 Cum
923 3291 1002 3344 illud
1020 3289 1073 3341 »1
1105 3288 1173 3342 lun.
1203 3287 1282 3356 talu
1306 3291 1420 3356 Loculi,
1442 3281 1478 3336 De

321 3374 378 3429 vie.
397 3391 473 3428 sacr.
493 3374 555 3428 lim.
575 3375 610 3429 P.
627 3381 648 3440 1,
669 3377 726 3444 vol,
746 3381 768 3443 I,
790 3393 818 3432 n.
837 3378 872 3432 59
891 3394 983 3448 seqq.;
1008 3378 1121 3444 Wernz,
1140 3377 1188 3430 Ill
1210 3377 1230 3431 l.
1250 3396 1274 3434 c.
1295 3396 1324 3434 n.
1344 3379 1404 3432 186.

392 3480 434 3550 (2)
454 3481 559 3550 Neque
579 3481 682 3536 obstat
700 3483 781 3553 quod
800 3483 885 3553 leges
914 3472 1183 3564 civilaetastand'i
1214 3483 1388 3546 libertatem
1415 3477 1477 3535 viris

321 3569 544 3625 ecclesiasticis
564 3571 740 3630 concedant,
761 3571 823 3628 Ofr.
843 3575 975 3639 Alcanor,
996 3589 1043 3643 op.
1060 3571 1113 3626 cit.
1132 3569 1161 3644 ξ.
1179 3573 1240 3629 233.
