3266 4896
1326 341 1373 398 101

293 465 399 531 Porro
436 465 468 531 S.
495 466 533 529 P.
559 465 641 531 Pius
665 466 726 549 VI,
758 488 800 531 ex
827 465 1043 551 gravioribus
1065 473 1100 532 et
1132 465 1376 552 insignioribus

204 571 339 638 iuribus
361 572 528 658 primatus
563 571 599 638 in
623 572 656 638 S.
681 573 782 639 Petro
804 573 944 657 eiusque
966 564 1210 640 successoribus
1233 597 1252 639 a
1276 573 1374 640 Chri-

204 685 258 745 sto
280 677 431 746 instituti
454 681 516 746 hoc
541 678 694 746 vindicat
719 707 737 740 a
761 702 827 764 quo
850 679 1023 766 praeditus
1046 681 1088 746 R.
1106 679 1277 766 Pontifex,
1292 681 1373 746 dum

209 808 375 873 agnorum
399 794 433 851 ct
457 786 575 852 ovium
598 787 662 852 sibi
686 787 955 853 concreditorum
988 810 1105 853 curam
1127 771 1218 873 gerit
1239 786 1375 853 univer·

206 917 288 980 sam,
313 917 373 961 suo
395 895 556 980 fungitur
577 894 761 984 apostolico
782 917 921 960 munere
943 918 1005 981 per
1019 894 1260 961 ecclesiasticos
1283 893 1375 960 viros

203 1001 277 1068 sive
302 1003 437 1068 stabiles
459 1003 533 1068 sive
557 1006 603 1068 ud
627 1011 757 1087 tempas
776 1003 873 1067 velut
887 1001 997 1089 magis
1020 1001 1178 1088 expedire
1199 1001 1375 1086 censuerit,

209 1109 381 1195 delegatos
404 1110 441 1174 in
463 1109 507 1175 iis
538 1109 667 1175 dissitis
689 1107 781 1192 locis,
805 1107 864 1173 ubi
889 1107 961 1194 ipse
983 1109 1143 1174 interesse
1164 1131 1233 1174 non
1254 1114 1374 1194 potest,

208 1213 419 1301 praecipiens
456 1214 584 1280 eisdem
621 1224 660 1280 ut
686 1214 734 1280 ibi
758 1237 836 1279 suas
859 1214 949 1279 vices
971 1214 1094 1280 obeant
1116 1235 1257 1299 eamque
1278 1212 1375 1278 iuris-

209 1321 393 1389 dictionem
431 1331 619 1407 exerceant,
658 1345 760 1408 quam
794 1322 824 1387 is
858 1344 919 1408 per
952 1345 996 1405 se,
1032 1321 1059 1387 si
1083 1323 1213 1387 adesset
1245 1343 1374 1386 exerce·

203 1438 257 1496 reb
279 1461 293 1488 a
332 1434 392 1514 (l).

298 1539 371 1602 113.
412 1539 459 1604 Et
483 1537 626 1603 historia
660 1543 807 1604 testatur
841 1535 910 1602 iam
940 1534 1150 1622 temporibus
1183 1534 1377 1621 apostolicis

204 1647 267 1712 hoe
290 1644 343 1710 ius
366 1643 547 1730 legationis
582 1642 743 1731 viguisse.
778 1645 902 1710 Petrus
934 1643 1024 1708 enim
1059 1643 1242 1708 Ierusalem
1265 1640 1375 1708 mittit

209 1752 404 1818 Barnabam
442 1750 660 1818 Antiochiam
690 1759 729 1816 ut
771 1774 865 1818 sacro
903 1749 1114 1834 ministerio,
1146 1771 1207 1816 suo
1229 1749 1374 1834 nomine,

212 1860 451 1946 perfungatur,
474 1864 508 1923 et
531 1859 641 1924 Roma
674 1881 750 1924 curn
774 1856 927 1945 epistolis
960 1857 1149 1943 Sylvanum
1183 1857 1226 1922 ad
1248 1855 1377 1922 incolas

208 1966 318 2051 Ponti,
361 1967 540 2050 Gallatiae,
580 1965 821 2054 Cappadociae,
861 1965 964 2032 Asiae
992 1975 1027 2030 et
1049 1963 1209 2030 Bitiniae.
1244 1965 1374 2030 Iteme

215 2073 368 2141 Concilio
390 2073 689 2140 Hierosolimitano
711 2073 815 2159 legati
839 2073 1026 2140 mittuntur
1048 2071 1133 2138 Iuda
1148 2079 1183 2137 et
1206 2071 1374 2138 Silanum

211 2182 319 2247 Paulo
342 2189 377 2247 et
399 2181 558 2247 Barnaba
581 2204 658 2246 cum
680 2181 805 2246 litteris
828 2180 1046 2266 synodalibus
1069 2185 1079 2256 t
1106 2183 1126 2260 ).
1326 2175 1328 2182 ’

292 2287 469 2354 Restituta
494 2297 606 2354 autem
633 2288 676 2353 ab
699 2287 902 2374 imperatore
929 2286 1150 2352 Constantino
1172 2308 1254 2372 pace
1277 2293 1312 2350 et
1334 2285 1374 2350 li·

208 2397 338 2462 bertate
361 2395 539 2479 Ecclesiae,
575 2395 804 2462 instituuntur
840 2394 1052 2479 Apoerisaiii
1075 2415 1132 2458 seu
1156 2395 1375 2478 Respoasolea

203 2503 325 2589 quibus
348 2503 384 2568 id
407 2512 481 2569 erat
504 2503 606 2569 officii
630 2515 678 2588 ut,
703 2512 877 2587 tamquam
892 2509 1134 2589 procuratores,
1158 2525 1273 2568 omnes
1295 2524 1373 2567 cau-

206 2635 259 2678 sas
282 2609 524 2677 ecclesiasticas
547 2611 590 2676 ad
607 2632 662 2676 eos
678 2635 698 2676 a
713 2609 837 2695 quibus
859 2610 1058 2675 mandatum
1081 2610 1273 2695 acceperint
1295 2610 1373 2674 atti-

204 2727 323 2786 nentes
346 2719 383 2784 in
407 2717 711 2804 aulaimperatoris
734 2725 884 2802 agerent.
909 2717 1045 2782 Primus
1057 2717 1146 2782 inter
1168 2717 1227 2783 hos
1250 2741 1371 2784 memo·

204 2833 302 2892 ratur
323 2823 477 2891 Iulianus
509 2825 686 2912 episcopus
709 2823 846 2890 Oeensis
868 2847 887 2889 a
912 2824 945 2890 S.
969 2825 1006 2890 P.
1031 2825 1143 2890 Leone
1164 2825 1182 2889 I
1205 2826 1246 2890 ed
1267 2825 1372 2910 impe-

207 2941 354 3000 ratorem
379 2933 590 3000 Marcianum
614 2933 735 2998 missus
769 2940 808 2998 ut
834 2931 1034 2998 defenderet
1071 2932 1228 2998 ecelesias
1264 2931 1373 2998 orien-

208 3040 294 3106 tales
307 3040 349 3106 ab
361 3039 512 3106 haeresia
527 3039 675 3106 Nestorii
701 3041 759 3122 (3);
783 3047 818 3105 et
829 3039 936 3105 serius
949 3039 1135 3124 Gregorius
1151 3040 1197 3104 M.
1214 3039 1273 3124 qui
1289 3040 1374 3106 Gon-

275 3256 316 3325 (1)
335 3254 371 3308 In
396 3251 547 3324 Respons.
566 3271 656 3323 super
675 3211 871 3308 Nuntiat-uris
889 3253 1087 3324 Apostolicis,
1107 3271 1172 3324 cap.
1193 3252 1280 3308 Vlll.

212 3423 214 3428 ¹
274 3363 313 3431 (2)
333 3362 395 3416 Aet.
414 3363 522 3430 Apost,
543 3378 567 3415 c.
587 3360 653 3425 XV,
673 3379 700 3414 v.
717 3362 753 3414 22
773 3366 803 3414 et
822 3377 907 3432 seqq.

274 3471 315 3540 (3)
335 3468 499 3536 «studeat
535 3485 607 3538 ergo
628 3467 753 3522 dilectio
772 3478 833 3531 tua.
854 3469 1008 3524 scribebat
1028 3469 1055 3524 ei
1077 3470 1105 3525 S.
1125 3469 1278 3540 Pontifex,
1292 3470 1373 3541 piam

204 3567 235 3613 et
254 3558 460 3614 necessariam
480 3573 583 3611 curam
597 3557 800 3613 sollicitudini
817 3559 1015 3630 Apostolicae
1030 3560 1203 3631 impendere
1223 3578 1300 3632 quae
1313 3560 1372 3615 tibi

202 3650 283 3721 apud
303 3667 336 3704 se
356 3647 472 3702 nutrito
492 3646 673 3700 catholicam
694 3655 799 3702 contra
812 3647 1011 3704 Nestorianos
1031 3657 1061 3704 et
1080 3649 1290 3721 Eutychianos
1303 3650 1372 3705 hae·

204 3737 320 3793 reticos
340 3736 492 3792 actionem
513 3743 653 3791 materno
674 3737 740 3791 iure
759 3738 966 3794 commendat:
997 3745 1031 3791 ot
1051 3737 1154 3792 divino
1175 3737 1271 3793 fultus
1291 3741 1375 3794 auxi·

204 3828 257 3896 lio,
277 3827 427 3900 speculari
455 3827 492 3881 de
512 3826 872 3898 Constantinopolitanae
892 3809 978 3882 urbis
996 3827 1224 3899 opportunitate
1244 3847 1302 3883 non
1324 3831 1373 3884 da·

205 3919 302 3985 sinas,
319 3923 354 3972 ut
374 3917 598 3988 praedictorum
630 3918 804 3987 dogmatum
826 3917 937 3989 impius
957 3935 1119 3989 numquam
1139 3919 1228 3973 turbo
1248 3937 1374 3974 consur·

204 4016 267 4080 gat.
287 4007 327 4062 Et
347 4007 419 4078 quia
439 4013 526 4061 tanta
545 4014 592 4061 est
611 3995 814 4078 gloriosorum
844 4007 1015 4078 principum
1037 4007 1209 4075 elementia,
1229 4015 1264 4063 ut
1282 4011 1373 4064 confi-

208 4099 318 4153 denter
338 4096 383 4151 eis
403 4097 512 4167 possis,
533 4113 609 4169 quae
624 4106 694 4151 sunt
709 4096 894 4152 insinuanda
906 4114 1081 4168 suggerere,
1096 4098 1210 4169 pietate
1231 4099 1373 4169 ipsorum,

208 4187 245 4241 ad
265 4186 433 4241 utilitatem
452 4186 610 4241 Ecclesiae
630 4185 824 4253 universalia,
843 4185 942 4241 utaris
968 4205 993 4240 a.
1023 4186 1122 4257 Epist.
1140 4188 1184 4242 60.
1204 4187 1266 4244 afr.
1280 4189 1375 4244 etiam

208 4278 382 4345 lte-Marce,
401 4278 447 4332 De
467 4275 622 4342 Concord,
640 4277 694 4333 lib.
712 4276 746 4343 V,
767 4295 791 4332 c.
811 4277 911 4342 XVII,
930 4295 959 4332 n.
978 4279 1004 4330 2.
