3234 4902
156 487 423 574 perpetuitatem
455 487 627 552 Ecclesiae
658 495 693 553 et
724 487 960 574 religiosarum
992 488 1276 553 communitatum
1300 498 1334 554 et

154 595 332 660 difficilem
356 593 591 661 alienationem
617 618 685 660 non
707 595 886 660 solvantur
909 595 1039 661 tributa
1061 595 1334 660 extraordinaria

150 701 415 770 successionum.
429 702 495 768 Sed
506 701 589 786 quid
601 701 781 767 absurdius
796 724 899 786 quam
911 701 949 766 in
961 702 1209 788 potentioribus
1226 701 1333 767 domi-

156 811 220 875 bus
235 810 336 894 plura
357 832 428 874 esse
451 808 530 875 fidei
546 807 722 874 commissa
735 831 821 893 quae
837 831 941 874 manu
965 808 1103 893 quidem
1117 816 1251 875 mortua
1262 833 1332 874 am-

156 916 311 1002 plissima
335 916 421 980 bona
445 915 482 980 in
504 915 621 981 eadam
645 915 734 981 linea
757 922 923 1000 perpetua
939 915 1118 1000 retineant,
1144 915 1332 982 Ecclesiam

156 1044 238 1088 vero
260 1021 352 1088 omni
380 1021 598 1108 possessione,
620 1022 756 1088 nomine
781 1043 901 1088 manus
925 1028 1079 1087 mortuae
1103 1021 1233 1108 privari
1257 1023 1332 1104 (ua

172 1144 176 1153 ·
246 1130 299 1193 66.
324 1132 386 1194 lus
409 1137 522 1194 autem
554 1131 819 1194 uduziuiatracdi
841 1151 883 1193 ex
906 1127 981 1194 iure
1004 1127 1197 1214 possidendi
1221 1129 1331 1214 sequi-

156 1243 224 1322 tur,
249 1259 326 1302 cum
350 1237 541 1322 proprietas
563 1235 667 1302 etiam
690 1235 875 1302 definiatur
899 1263 918 1297 a
941 1238 995 1301 ius
1018 1239 1133 1302 utendi
1157 1267 1188 1301 a.
1213 1237 1331 1302 Eccle-

154 1343 206 1408 sia
229 1351 343 1408 autem
367 1349 486 1427 utpote
509 1341 650 1407 societas
674 1340 836 1426 perfecta,
861 1341 1090 1427 independens
1114 1350 1165 1406 est
1180 1349 1215 1407 et
1238 1341 1330 1406 suffi-

151 1447 247 1514 ciens
270 1447 305 1512 iu
340 1447 405 1513 sibi
429 1447 655 1528 consulendo;
691 1448 786 1531 atqui
821 1446 1074 1512 administratio
1101 1455 1152 1512 est
1177 1447 1328 1522 medium

151 1555 309 1642 quesibi
334 1555 507 1621 consulere
531 1562 651 1639 potest,
676 1577 758 1640 ergo
781 1561 844 1619 etc.
868 1555 929 1643 (2).

687 1815 707 1884 ξ
731 1807 793 1871 IV.

530 1955 571 2002 De
591 1953 652 2002 iure
671 1968 734 2002 sese
753 1953 952 2014 organizandi.

244 2130 299 2194 67.
324 2128 544 2214 Organiaatio
567 2127 634 2194 alia
652 2131 851 2214 personalia,
875 2129 943 2194 alia
961 2128 1328 2196 territorialiadicitur.

152 2235 347 2302 Personalis
370 2229 488 2300 eadem
510 2242 561 2300 est
599 2258 638 2300 ac
660 2235 872 2301 hierarchica
895 2236 937 2300 de
961 2258 1029 2336 qua
1054 2236 1246 2302 videbimus
1270 2236 1328 2300 ubi

150 2343 196 2408 de
220 2341 412 2407 hierarchia
435 2340 690 2408 iurisdictionis.
712 2341 796 2407 Heio
819 2341 949 2426 aliquid
973 2344 1015 2408 de
1039 2344 1195 2408 secunda.

245 2447 466 2534 Organiaatio
504 2449 721 2515 territorialis
759 2449 795 2514 in
833 2471 872 2514 eo
910 2449 1065 2515 consistit
1103 2458 1142 2514 ut
1177 2449 1328 2515 Ecclesia

156 2555 361 2620 universalis
394 2555 572 2622 dividatur
603 2555 640 2621 in
667 2556 782 2643 plures
816 2556 973 2622 ecelesias
1005 2556 1230 2642 particulares
1268 2579 1326 2622 seu

152 2663 323 2728 dioeceses
346 2685 433 2748 quae
456 2663 722 2728 subdividantur
743 2662 780 2727 in
802 2663 980 2747 parochias
1003 2671 1067 2729 etc.
1091 2670 1101 2746 (
1127 2669 1148 2746 ).

244 2769 318 2834 Hoc
340 2767 394 2834 ius
418 2769 684 2854 organizationis
712 2769 754 2835 ad
779 2769 970 2835 Ecclesiam
994 2769 1165 2854 pertinere
1189 2793 1232 2835 ex
1254 2769 1329 2855 ipsa

150 2877 227 2943 eius
250 2876 329 2942 finis
351 2885 475 2944 natura
510 2877 737 2962 consequitur.
773 2878 861 2943 Nam
885 2900 963 2943 cum
985 2877 1063 2944 finis
1087 2878 1260 2944 Ecclesiae
1284 2878 1329 2942 sit

153 2983 359 3049 universalis
393 2992 432 3048 ut
466 3006 580 3050 omnes
617 2984 769 3050 homines
796 2985 1071 3070 comprehendat,
1110 2985 1181 3050 fere
1204 2983 1328 3071 impos-

151 3089 253 3156 sibile
276 3098 362 3155 esset
385 3089 579 3156 societatem
603 3091 652 3156 ita
676 3091 905 3156 universalem
930 3092 1124 3176 gubernari,
1149 3091 1215 3157 nisi
1240 3091 1327 3156 infe-

154 3197 304 3264 rioribus
338 3197 599 3264 auctoritatibus
622 3205 772 3283 potestas
799 3197 1107 3265 communicaretur
1130 3221 1170 3264 ac
1192 3199 1328 3264 territo-

150 3303 245 3370 rium
269 3303 329 3385 eis‚
354 3302 583 3388 assignatione
607 3303 709 3387 facta,
734 3303 957 3370 divideretur.

243 3409 352 3496 Atqui
388 3409 415 3474 si
439 3409 651 3496 organizatio
674 3409 845 3476 Ecclesiae
880 3411 1037 3496 perutilis
1061 3411 1130 3477 imo
1153 3420 1188 3476 et
1211 3434 1323 3476 neces-

149 3517 244 3584 saria
267 3517 440 3583 Ecclesiae
463 3517 511 3601 fit,
536 3516 690 3602 profecto
706 3517 749 3582 ad
765 3519 874 3612 ipsam
897 3525 1038 3604 spectat,
1062 3518 1116 3583 ius
1141 3519 1232 3584 enim
1256 3519 1326 3604 ple-

223 3714 261 3780 (1)
280 3712 316 3768 V.
336 3712 390 3768 lib.
408 3713 488 3784 Sym.
508 3712 587 3783 apud
608 3714 637 3768 S.
657 3715 759 3768 Amor.
772 3713 862 3783 epist.
886 3715 917 3768 17
938 3714 1016 3767 alias
1037 3716 1079 3770 ll.
1096 3713 1160 3769 afr.
1173 3717 1327 3768 Momarhi

152 3823 169 3854 ι
187 3801 279 3871 Negli
299 3801 431 3872 nequisti
452 3801 532 3855 delle
552 3800 633 3854 mani
656 3811 752 3856 morte
772 3821 788 3850 »
809 3803 828 3857 l.
845 3804 872 3869 3,
892 3820 915 3857 c.
934 3803 959 3869 2,
981 3801 1044 3875 §Q
1065 3821 1094 3858 11.
1112 3803 1137 3868 4,
1159 3809 1188 3856 et
1209 3809 1279 3856 tom.
1299 3803 1326 3868 3,

149 3911 181 3964 p.
199 3891 254 3946 302
272 3898 331 3948 etc.
352 3891 373 3945 i.
392 3909 418 3946 e.
437 3891 457 3945 l.
475 3893 501 3956 2,
522 3909 549 3961 p.
569 3891 610 3959 ΙΙ,
631 3909 654 3946 c.
673 3892 700 3947 4.

223 4001 260 4067 (2)
282 3999 346 4056 Ofr.
367 4001 523 4072 Cocconis,
544 4017 593 4072 op.
612 4001 663 4056 cit.
683 4000 737 4056 lib.
760 4001 801 4066 ΙΙ,
831 4002 971 4072 quaestio
991 3999 1145 4071 specialis,
1165 3997 1224 4071 §Q
1244 4001 1326 4054 Libe-

147 4113 260 4174 rotora
281 4109 302 4164 l.
320 4127 344 4165 c.
363 4105 383 4182 ξ
402 4108 457 4165 IV.

224 4197 262 4264 (3)
282 4199 440 4270 Canopeis,
458 4200 524 4254 vol.
541 4199 583 4266 II,
602 4199 657 4254 lib.
677 4199 719 4263 ΙΙ,
739 4217 765 4255 c.
784 4197 846 4254 III.
916 4210 918 4218 ’
