3198 4898
196 305 203 313 ·
313 249 368 344 eia

315 437 351 478 re
368 419 482 478 autem
499 411 769 478 extraordinario
792 415 837 495 (1)
853 411 957 478 etiam
980 409 1144 493 extranei3
1161 414 1195 494 el)
1211 413 1369 476 canonice
1384 415 1482 498 sacta,

313 528 480 605 quatenus
504 518 635 584 scilicet
658 526 840 584 servantur
862 519 952 604 leges
987 525 1022 583 et
1044 516 1261 602 conditiones,
1286 518 1364 584 iure
1399 541 1484 583 cano-

312 627 390 694 nico
412 627 625 709 constitutae;
642 633 670 707 e)
694 648 716 690 a
734 629 905 710 superiore
922 627 1165 714 confirmanda,
1189 625 1269 710 quia
1285 626 1407 692 electio
1424 647 1483 689 non

313 733 446 800 confert
468 734 572 798 electo
595 733 735 817 plenum
759 731 812 797 ius
837 726 1062 820 assequendae
1085 732 1307 818 praelaturae.

404 839 708 904 memmasce
732 838 851 904 modus
874 837 1048 904 electionis
1071 837 1196 922 triplex
1218 861 1288 903 esse
1319 843 1443 924 potest.

401 945 430 1008 I.
450 967 515 1028 per
538 945 636 1029 qnasi
660 944 916 1028 inspirationem
947 967 1005 1008 seu
1040 927 1314 1010 declamationem
1350 942 1478 1029 quando

312 1051 483 1134 electores,
508 1049 545 1114 in
568 1049 641 1115 loco
664 1049 836 1115 electionis
861 1049 1070 1135 congregati,
1097 1050 1192 1116 nullo
1228 1049 1373 1136 praevio
1403 1055 1481 1112 trac·

272 1183 275 1188 ¹
313 1165 399 1242 tatu,
425 1180 491 1223 ano
514 1179 571 1223 ore
595 1156 721 1242 absque
745 1155 1012 1222 contradictione
1035 1164 1069 1222 et
1092 1157 1316 1224 haesitatione
1340 1155 1380 1220 in
1402 1177 1479 1221 eam·

313 1266 389 1330 dem
413 1285 590 1350 personam
614 1263 839 1328 consentiunt.
865 1264 907 1328 In
931 1263 993 1330 tali
1016 1263 1284 1331 enim'unanimi
1324 1284 1478 1330 consensu

315 1371 546 1458 praesumitur
570 1370 726 1456 specialis
751 1371 886 1436 afflatus
903 1371 1053 1457 Spiritus
1077 1371 1195 1437 Sancti
1210 1370 1269 1458 qui
1284 1371 1429 1437 unitatis
1449 1377 1479 1434 et

313 1479 509 1546 concordiae
531 1487 582 1544 est
605 1486 723 1544 auctor
750 1481 805 1562 (2).

402 1588 449 1653 Π.
468 1587 756 1672 perscrutinium
780 1587 870 1671 quod
893 1587 956 1651 sub
979 1585 1133 1672 praeside
1157 1585 1205 1652 sic
1235 1587 1440 1652 instituitur:

401 1695 592 1780 Eligantur
615 1716 635 1758 a
658 1693 807 1780 capitulo
832 1700 900 1758 tres
923 1700 1127 1758 scrutatores
1154 1693 1196 1758 ad
1235 1716 1319 1779 quos
1359 1690 1474 1778 singuli
1540 1693 1541 1776 f

311 1803 471 1867 electores
495 1808 574 1866 vota
597 1823 658 1865 sua
680 1799 842 1865 deferunt
865 1800 937 1865 sive
961 1823 1017 1866 ore
1040 1801 1173 1885 prolata
1195 1800 1268 1866 sive
1290 1801 1401 1890 (quod
1422 1797 1477 1864 usi·
1540 1823 1541 1826 ¹

311 1909 417 1975 tatius
440 1913 503 1990 est)
526 1907 653 1994 scripta
676 1915 710 1972 et
734 1907 858 1990 clausa,
882 1930 969 1992 quae
992 1907 1070 1974 dein
1092 1909 1299 1974 adnotantur
1335 1909 1374 1974 in
1410 1928 1473 1992 pro-

312 2016 444 2082 tocollo.
472 2015 558 2081 Vota
582 2015 709 2079 dantur
732 2022 860 2080 secreto
884 2022 918 2080 et
951 2015 1163 2100 singillatim.
1201 2016 1324 2082 Postea
1348 2016 1388 2082 fit
1423 2034 1474 2098 pa·

312 2122 450 2188 blicatio
472 2119 629 2187 scrutinii
652 2142 738 2206 quae
764 2121 847 2187 duos
870 2128 965 2186 actus
999 2121 1160 2188 continet:
1198 2145 1277 2188 nam
1301 2127 1336 2206 a)
1375 2117 1472 2210 publi·

311 2235 434 2294 cantur
456 2236 536 2293 vcta
560 2233 758 2293 cunctorum
781 2227 819 2292 in
842 2226 977 2312 scriptis
1016 2229 1154 2293 redacta
1181 2227 1219 2293 in
1256 2227 1424 2296 communi
1455 2247 1472 2288 a

310 2333 557 2402 scrutatoribus
579 2341 614 2398 et
637 2341 854 2417 comparatur
881 2329 1042 2400 numerus
1066 2341 1223 2406 votorum
1245 2357 1324 2400 cum
1348 2351 1472 2400 numero

311 2441 523 2528 eligentium3
563 2443 595 2521 b)
635 2439 772 2524 cognito
807 2439 1049 2525 suffragiorum
1088 2439 1241 2524 legitimo
1272 2461 1412 2506 numero
1441 2435 1469 2499 in

311 2549 460 2634 aliquem
476 2553 704 2630 concurrente,
721 2548 895 2611 decretum
931 2547 973 2612 de
989 2553 1127 2632 peracta
1142 2545 1305 2612 electione
1323 2545 1470 2612 scribitur

310 2663 346 2720 et
368 2655 561 2721 solemniter
584 2652 789 2738 publicatur.
814 2653 849 2718 Si
874 2653 928 2718 cui
952 2661 1032 2720 vota
1055 2676 1123 2719 non
1153 2660 1289 2720 tantum
1330 2653 1467 2731 relative,

309 2763 367 2828 sed
392 2762 543 2828 absolute
566 2759 694 2826 maiora
719 2761 860 2827 faveant
883 2763 929 2845 (3)
953 2760 975 2828 i.
1001 2784 1029 2826 e.
1054 2760 1082 2826 si
1105 2783 1222 2827 eorum
1257 2762 1351 2828 ultra
1383 2755 1468 2826 dimi·

309 2869 404 2934 dium
428 2868 550 2953 aliquis
573 2867 770 2941 obtinuerit,
809 2867 868 2933 ille
891 2868 1050 2934 canonice
1089 2869 1215 2934 electus
1239 2877 1404 2952 consetur,
1437 2872 1465 2927 et

309 2998 376 3060 qua
399 2974 477 3040 talis
501 2994 614 3040 coram
637 2973 779 3058 collegio
802 2975 1045 3060 pronuntiatur
1065 2977 1261 3059 (publicatio
1294 2973 1468 3051 electionis).

308 3081 554 3150 Deficientibus
591 3081 681 3148 votis
705 3081 858 3148 absolute
899 3082 1093 3166 maioribus,
1116 3082 1321 3149 scrutinium
1347 3077 1464 3148 tamdiu

380 3279 418 3350 (1)
437 3277 489 3332 Ius
523 3277 800 3332 extraordinarium
842 3293 878 3331 ex
913 3278 1104 3350 quadruplici
1136 3297 1228 3332 cansa
1257 3279 1334 3333 oriri
1363 3280 1465 3348 pot-cst:

309 3373 390 3434 alex
412 3367 632 3422 consuetudine
653 3368 803 3437 legitima3
817 3367 846 3438 b)
863 3367 1027 3439 privilegio
1038 3369 1074 3424 R.
1086 3369 1259 3438 Pontificis‚·
1276 3369 1305 3439 c)
1321 3361 1467 3422 commuui-

308 3457 428 3512 catione
449 3455 531 3510 facta
548 3455 688 3510 unanimi
709 3473 860 3510 consensu
880 3474 897 3509 e
918 3455 1067 3526 legitimis
1087 3457 1272 3511 electoribus
1292 3457 1359 3527 (qui
1378 3461 1463 3510 tamen

307 3562 345 3601 ex
363 3544 528 3617 privilegio
558 3545 636 3600 tales
657 3562 716 3598 non
737 3545 821 3612 sint).
847 3544 908 3598 Ofr.
938 3543 1135 3612 Reiffenstael‚
1164 3545 1200 3599 de
1221 3546 1309 3600 elect.
1330 3539 1461 3600 n,1600l

259 3695 260 3698 Ἴ
307 3651 399 3705 seqq.;
418 3634 451 3702 d)
471 3633 602 3704 denique
622 3639 710 3702 pacto
730 3631 905 3688 fundationi
936 3633 1065 3688 adiecto.
1086 3633 1148 3688 (ll'r.
1171 3637 1353 3704 Sclamalepr.
1372 3629 1415 3685 tit.
1434 3623 1464 3678 d0

308 3723 396 3778 elect.
413 3724 441 3778 7.

378 3827 421 3900 (2)
441 3828 501 3884 Gir.
522 3831 682 3895 Passerint,
701 3828 719 3882 l.
739 3847 763 3882 c.
784 3847 808 3884 c.
827 3830 862 3883 23
882 3828 977 3883 iunct.
996 3845 1061 3900 cap.
1081 3846 1145 3900 cap.
1164 3829 1187 3895 1,
1208 3847 1237 3883 n.
1256 3831 1291 3886 54
1310 3845 1391 3900 seqq.

378 3934 419 4004 (3)
441 3932 502 3989 Cir.
523 3935 651 4001 Giralcli,
684 3935 760 4006 Exp.
782 3934 838 3991 iur.
858 3933 967 4006 pontif.
987 3952 1057 4006 pers
1078 3935 1100 3996 1.
1121 3934 1173 3988 lib.
1193 3934 1216 4002 Ι,
1237 3943 1310 3991 sect.
1328 3935 1372 4001 46,
1389 3949 1412 4002 p.
1426 3921 1460 3986 29,

306 4029 380 4080 tom.
398 4022 423 4092 1;
443 4023 553 4085 Delon,
573 4023 863 4090 Inst.can.tom.v1‚
884 4032 957 4080 sect.
976 4024 1000 4091 l,
1020 4021 1039 4096 ξ
1059 4023 1178 4079 XVIII.
