3200 4890
205 336 342 406 ,366

379 456 616 543 Praesumptio
653 459 796 524 16661616
829 464 880 522 661
908 479 947 522 66
970 478 1057 541 quae
1080 479 1148 522 non
1172 456 1431 524 determinatur
1458 482 1483 524 a

288 567 372 652 lege,
398 565 453 631 sed
477 561 1185 650 6661661161611616661116166611666166
1211 570 1246 628 et
1269 585 1341 628 6666
1356 572 1482 650 potest

287 674 370 740 leuis
393 693 451 737 666
476 671 665 756 temeraria,
689 670 745 734 vel
762 670 959 756 probabilia,
995 669 1051 736 vel
1074 671 1225 754 61616616,
1250 677 1356 755 prout
1379 668 1480 736 inni-

288 778 376 846 titur
398 775 589 861 levissimis,
613 776 668 842 vel
693 775 866 862 gravibus,
896 776 950 841 vel
973 774 1186 862 gravissimis
1208 775 1357 843 indiciis.
1397 776 1479 842 Pri·

289 907 345 952 ma
367 881 495 949 nullius
519 881 571 948 vis
594 888 655 966 est;
679 882 826 948 secunda
849 880 964 968 gignit
988 881 1273 968 probabilitatem
1303 890 1339 949 et
1364 884 1477 950 tertia

288 993 325 1058 16
348 992 500 1056 ciuilibus
523 1012 640 1055 veram
663 989 897 1076 probationem
921 989 1022 1054 affert
1045 996 1080 1053 et
1102 989 1302 1056 concludere
1327 989 1422 1056 facit
1438 991 1477 1058 in

288 1121 390 1166 causa
414 1101 471 1180 (1).

378 1203 616 1289 Praesumptio
649 1201 1103 1270 16616616616666611116
1135 1225 1328 1288 superque
1363 1203 1474 1290 legis-

288 1313 378 1378 lator
401 1319 577 1396 tamquam
592 1310 629 1378 in
645 1333 680 1376 re
694 1310 756 1376 sibi
775 1310 911 1394 cognita
926 1316 962 1375 et
979 1317 1073 1375 certa
1095 1309 1218 1374 fundat
1232 1333 1330 1376 suam
1354 1311 1475 1398 legem

290 1422 347 1502 (2);
371 1419 607 1485 (116116616616
630 1418 710 1503 quia
737 1441 756 1484 a
779 1418 854 1503 lege
877 1417 1017 1483 inducta
1041 1424 1092 1482 est
1115 1425 1150 1482 61
1172 1418 1340 1502 firmatur,
1366 1427 1404 1483 et
1430 1423 1472 1485 de

288 1527 362 1591 1666
384 1524 464 1610 quia
488 1547 590 1610 super
612 1524 676 1590 hac
699 1523 873 1589 stabilitur
894 1523 958 1588 ius.

378 1631 471 1696 Haeo
493 1629 725 1717 praesumptio
748 1631 868 1716 plenae
886 1629 1093 1716 probationis
1118 1629 1189 1695 vim
1201 1630 1314 1713 habet,
1340 1637 1471 1698 61666-

197 1729 199 1732 ¹
288 1737 430 1803 trariam
454 1737 618 1802 directam
641 1736 876 1822 probationem
899 1735 1050 1802 excludit
1075 1726 1140 1820 (3),

379 1845 453 1910 199.
480 1843 759 1911 Iusiurandum
783 1853 844 1910 est:
868 1845 1032 1910 invocatio
1059 1845 1167 1910 (116161
1189 1847 1335 1910 66661616
1358 1847 1395 1912 tu
1424 1853 1468 1910 te-

286 1953 481 2016 stimouium
505 1951 650 2016 alicuius
674 1953 732 2016 661.

378 2058 430 2122 De
452 2056 635 2142 praecipua
658 2055 880 2122 iurisiurandi
911 2056 1079 2122 divisione
1113 2057 1135 2123 1.
1160 2079 1195 2136 e.¹
1224 2056 1261 2122 in
1279 2061 1466 2142 promisso-

287 2165 378 2228 61666
401 2169 436 2228 61
458 2165 685 2248 6666166166,
721 2186 781 2228 666
814 2186 881 2228 non
913 2164 954 2228 de
978 2164 1050 2228 eius
1073 2163 1297 2248 qualitatibus
1333 2165 1468 2231 66111661

287 2271 329 2335 (16
353 2271 500 2354 ueritate,
524 2271 648 2335 iudicio
671 2276 706 2335 et
727 2271 859 2334 16611116
883 2277 992 2355 agunt
1014 2269 1177 2356 Theologi
1191 2272 1250 2354 (4).
1273 2271 1340 2336 Hic
1356 2272 1466 2358 loqui-

288 2399 365 2443 mur
388 2377 430 2440 de
460 2377 624 2461 iudicioli,
649 2377 738 2460 quod
761 2377 796 2440 in
827 2375 953 2442 iudicio
989 2377 1077 2442 alter
1110 2375 1324 2462 litigantium
1364 2380 1465 2446 alteri

287 2483 407 2568 defert,
435 2481 546 2548 iudice
568 2505 636 2548 non
660 2489 801 2567 cogente
824 2483 881 2547 sed
905 2481 1149 2568 approbante(
1175 2487 1194 2566 ).

205 2582 207 2586 ’
376 2589 619 2656 Iusiurandum
653 2589 812 2656 iudiciale
844 2590 937 2656 aliud
961 2597 1013 2656 661
1035 2589 1107 2656 11116
1132 2593 1340 2677 decisoriam,
1369 2591 1463 2658 aliud

286 2699 539 2783 suppletorium,
574 2696 666 2762 aliud
685 2699 924 2783 purputom'um
945 2697 982 2762 in
1010 2697 1106 2763 litem
1129 2703 1164 2763 et
1185 2700 1463 2768 aestimatorium.

377 2804 582 2868 Decisom'um
617 2801 743 2867 dicitur
780 2803 915 2888 quando
953 2803 996 2868 ad
1028 2803 1219 2868 habendam
1247 2803 1352 2870 citius
1391 2805 1463 2872 litis

286 2909 500 2993 decisionem,
534 2907 664 2974 omissis
696 2909 773 2974 aliis
803 2909 1060 2994 probationibus
1083 2911 1126 2976 ab
1148 2933 1217 2976 una
1240 2918 1339 2997 parte
1363 2913 1462 2980 alteri

199 3074 201 3077 ,
285 3016 450 3082 defertur.

376 3125 629 3208 suppletorium
652 3123 741 3208 quod
756 3122 858 3189 iudex
874 3124 915 3190 ob
931 3123 1102 3190 defectum
1117 3124 1237 3210 plenae
1252 3125 1462 3210 probationis

284 3229 398 3332 defert
421 3229 476 3295 vel
500 3229 605 3296 actori
630 3237 670 3296 61
692 3231 791 3316 plene
814 3231 934 3316 probet
957 3229 1134 3307 sotionem,
1159 3231 1215 3298 vel
1238 3253 1295 3298 reo
1318 3240 1358 3298 ut
1387 3256 1460 3320 pro-

287 3339 346 3404 bet
368 3336 601 3422 exceptionem
625 3338 683 3420 (6).

358 3517 396 3586 (1)
417 3519 447 3571 C.
466 3519 591 3581 6661666,
611 3515 629 3568 3
648 3515 684 3568 (16
703 3514 838 3585 presbyt.
858 3520 888 3568 at
908 3532 932 3570 c.
952 3516 986 3568 12
1004 3514 1034 3570 h.
1047 3521 1069 3570 1.
1085 3515 1266 3586 Exemplum
1285 3516 1461 3576 huiusmodi

286 3603 544 3674 praesumptionis
569 3601 695 3658 affertur
716 3603 746 3656 in
768 3621 791 3656 6.
811 3604 828 3656 2
847 3602 877 3657 h.
895 3611 917 3659 1.
936 3603 1066 3657 deducto
1087 3621 1123 3658 ex
1146 3602 1261 3658 iudicio
1282 3606 1463 3668 Salomonis.

359 3712 396 3780 (2)
417 3710 596 3780 Exemplum
626 3710 773 3768 habemus
793 3709 824 3763 in
845 3727 870 3764 o.
889 3711 924 3764 30
944 3710 987 3765 De
1005 3726 1105 3779 epona
1125 3717 1151 3766 et
1168 3715 1260 3766 matr.
1281 3711 1345 3768 Ofr.
1365 3715 1461 3786 Sauli,

286 3803 306 3856 l.
325 3819 349 3858 c.
369 3801 417 3857 tit.
437 3801 558 3866 XXIII,
580 3821 608 3856 n.
629 3804 671 3868 123
697 3805 861 3871 Vccclu‘otti,
883 3801 921 3867 ll,
942 3819 966 3857 6.
986 3801 1045 3856 ΙΙΙ.

357 3908 398 3980 (3)
417 3908 564 3962 Admittit
584 3926 656 3963 vero
675 3908 885 3980 probationem
905 3909 1089 3962 contrariam
1110 3893 1314 3964 indirectam..

358 3995 419 4051 cfr.
440 3997 1047 4068 8616616961.16461161116661661,
1077 3997 1107 4061 h,
1127 4003 1149 4054 t.
1170 4015 1200 4053 n.
1218 3999 1254 4053 53
1274 4005 1306 4053 et
1326 4017 1410 4074 seqq.

357 4103 396 4174 (4)
418 4101 479 4160 (lfr.
501 4107 636 4169 Fiscello,
656 4103 715 4164 ΙΙΙ,
734 4122 759 4160 o.
779 4103 837 4171 III,
857 4121 885 4158 n.
903 4105 966 4160 239.

356 4211 395 4280 (ὅ)
415 4212 526 4277 Deuoti,
546 4210 622 4266 lust.
641 4210 700 4278 ΙΙΙ,
720 4210 768 4266 tit.
787 4209 833 4264 IX
852 4208 872 4282 ,ξ
891 4210 1008 4266 XXIV.

357 4315 397 4384 (6)
416 4315 475 4381 Qui
496 4322 616 4370 recusat
629 4315 832 4370 iuramentum
843 4315 1065 4386 suppletorium
1089 4315 1218 4370 habetur
1238 4322 1274 4370 ut
1294 4317 1463 4375 confessus:
