3266 4896
1307 333 1359 388 167

184 473 467 541 sustentationem
490 473 562 538 sive
586 472 683 538 iuxta
718 484 833 539 laxam
856 472 1062 568 syncdalem,
1087 475 1168 559 sive,
1204 498 1244 541 ea
1277 476 1358 542 defi·
1416 529 1418 532 .

185 581 305 664 ciente,
329 579 426 645 iuxta
465 601 589 645 morem
627 579 776 664 regionis
813 602 876 665 pro
913 581 1151 666 promovendis
1182 582 1224 646 ad
1248 605 1359 648 sacros

185 686 329 770 ordines,
354 685 517 752 detractis
539 686 708 770 oneribus
732 709 793 772 per
817 709 854 752 se
875 687 1031 771 sufficiat,
1063 687 1217 772 illudque
1240 689 1283 753 ab
1306 711 1358 754 or·
1451 679 1454 686 „
1509 733 1510 740 κ

1497 787 1501 794 “
1544 781 1587 810 ’Ἴ

185 792 334 859 dinando
358 792 496 878 pacifice
519 791 744 878 possideatur
779 823 793 850 »
823 796 881 876 (1).
922 794 1017 872 Quod
1040 793 1069 858 si
1092 795 1216 860 habeat
1253 795 1358 861 domi-

185 899 265 966 cilia
288 899 432 982 diversa,
459 899 586 984 poterit
601 899 645 964 ab
667 899 865 966 utriuslibet
886 900 1043 986 episcopo
1066 901 1238 984 ordinari3
1278 902 1359 986 quia
1428 891 1430 896 ¹

185 1005 323 1090 utrique
360 1005 517 1091 episcopo
541 1005 696 1071 subditus
719 1013 770 1072 est
792 1006 924 1072 ratione
946 1007 1120 1092 domicilii,
1145 1009 1243 1073 modo
1265 1008 1302 1073 in
1318 1009 1359 1074 iis

186 1112 383 1198 aequaliter,
409 1111 489 1178 licet
516 1135 583 1180 non
618 1113 867 1198 mathematice,
903 1113 1044 1180 habitet.
1083 1115 1139 1178 Ita
1174 1114 1207 1180 S.
1233 1114 1358 1200 Oongr.

187 1219 344 1286 Ooncilii.

275 1329 310 1408 d)
334 1329 476 1397 Ratione
498 1329 762 1414 familiaritatis,
792 1329 927 1414 quando
950 1327 1151 1394 candidatus
1175 1352 1237 1416 per
1258 1328 1361 1394 trieri·
1453 1357 1455 1362 ,
1587 1373 1620 1396 φ

185 1433 282 1499 nium
306 1436 353 1516 (2)
376 1442 415 1498 ut
439 1433 619 1500 familiaris
643 1457 719 1500 cum
742 1435 898 1520 episcopo
921 1434 1119 1518 convixerit3
1152 1436 1214 1501 hoc
1244 1443 1360 1502 tamen

185 1541 223 1606 in
246 1563 326 1606 casu
350 1541 527 1628 episcopus
550 1541 720 1606 sufficiens
744 1541 945 1607 beneficium
968 1543 1011 1606 ad
1028 1565 1215 1628 congruam
1230 1550 1360 1608 susten·

186 1649 361 1735 tationem,
386 1648 477 1715 omni
512 1656 640 1714 remota
664 1649 795 1733 fraude,
820 1650 938 1715 statim
971 1651 1026 1716 vel
1060 1649 1153 1716 infra
1187 1651 1255 1736 ipsi
1280 1673 1359 1716 oon-

187 1755 280 1822 ferre
302 1755 402 1820 debet
427 1757 481 1838 (3).

277 1883 329 1946 10.
354 1880 523 1946 serenos
545 1882 574 1946 Ι.
599 1921 643 1928 -
674 1883 731 1954 De
757 1883 896 1955 lateris
924 1875 1280 1956 dimissorialibus.

276 1987 312 2053 Si
337 2004 379 2053 ex
401 1987 556 2074 legitima
580 2011 680 2054 causa
703 1988 880 2074 episcopus
906 1989 1131 2075 perseipsum
1149 1991 1285 2056 sudetc
1301 2013 1361 2057 suo
1460 2023 1476 2044 ι
1525 2033 1545 2052 .

185 2095 321 2162 ordines
344 2096 498 2162 conferre
521 2104 676 2182 nequeat,
701 2105 813 2182 potest
836 2096 933 2162 illum
957 2097 1130 2163 dimittere
1153 2106 1193 2164 ut
1215 2099 1258 2164 ab
1295 2099 1361 2165 alio

186 2201 343 2288 episcopo
370 2203 558 2270 ordinetur.

276 2309 429 2375 Litterae
452 2309 576 2395 quibus
599 2311 776 2398 episcopus
799 2313 957 2397 proprius
980 2319 1079 2398 rogat
1102 2313 1157 2378 vel
1191 2313 1362 2399 permittit

186 2416 287 2482 alteri
310 2415 467 2502 episcopo
489 2424 529 2482 ut
553 2417 714 2483 clericum
738 2441 836 2482 suum
860 2417 1003 2502 ordinet,
1032 2419 1195 2484 dicuntur
1210 2420 1361 2485 dimisso-

186 2527 289 2590 riales
312 2525 367 2608 (4).

277 2634 320 2698 In
342 2632 467 2698 litteris
503 2631 785 2699 dimissorialibus
819 2633 1040 2718 exprimenda
1074 2641 1126 2698 est
1163 2656 1263 2699 causa
1301 2655 1362 2698 cur

183 2739 361 2826 episcopus
385 2741 543 2825 proprius
566 2763 634 2806 non
658 2739 823 2824 ordinet(
849 2746 877 2824 ).
1346 2755 1347 2758 ’

259 2937 296 3000 (1)
324 2933 392 2990 Non
431 2935 543 2990 sufficit
575 2943 677 2990 tamen
709 2937 820 2992 titulus
853 2935 1039 3003 Missurum,
1070 2955 1125 2992 nec
1157 2937 1264 3008 pensio
1296 2936 1369 2992 licet
1421 2949 1425 2956 ·

186 3031 334 3096 perpetua
367 3031 397 3078 et
418 3025 636 3094 ecclesiastica,
668 3043 724 3080 nec
756 3027 929 3097 capellania
963 3027 1098 3096 laicalis;
1126 3026 1198 3098 quia
1218 3045 1277 3082 uon
1299 3034 1370 3081 sunt

147 3113 150 3118 '
187 3131 260 3168 vera
279 3113 492 3170 ecclesiastica
511 3113 669 3170 beneficia.
690 3117 759 3170 Iao⁴
778 3118 853 3184 XII,
874 3116 893 3172 l.
914 3134 940 3172 c.

258 3222 296 3288 (2)
328 3221 376 3274 An
404 3222 580 3292 requiratur
602 3224 770 3278 triennium
800 3225 986 3292 continuum,
1017 3223 1168 3278 affirmant
1194 3225 1366 3292 Navarra&

187 3313 351 3378 Boaacina,
372 3314 518 3380 Beroeam
537 3319 631 3383 neget
651 3314 780 3382 Gr'roldi;
801 3313 855 3368 sed
868 3314 943 3368 haec
962 3315 1097 3368 secunda
1109 3313 1266 3368 sententia
1280 3329 1363 3382 prae·

187 3397 323 3461 ferenda,
332 3399 493 3454 dummodo
508 3399 560 3454 diu
575 3419 634 3454 non
650 3401 690 3454 sit
703 3401 916 3472 interruptum.
929 3402 978 3456 Ita
996 3406 1111 3469 Lucidi,
1124 3405 1148 3469 I,
1164 3420 1191 3474 p.
1201 3403 1260 3461 169.
1276 3419 1305 3456 n.
1319 3402 1363 3454 69.

259 3507 296 3574 (3)
326 3507 417 3563 Ocno.
446 3507 538 3574 Tria,
558 3525 633 3564 sess.
654 3507 775 3576 XXIII,
797 3527 820 3564 c.
840 3510 866 3576 9,
886 3510 923 3564 de
942 3509 1064 3565 reform.
1326 3564 1329 3568 ,

260 3595 291 3650 Si
312 3603 413 3650 autem
438 3597 633 3652 Ordinandus
655 3597 871 3667 patrimonium
891 3599 1011 3666 habeat,
1033 3598 1185 3668 obligatio
1205 3597 1361 3652 conferen·
1435 3643 1436 3646 ,

188 3685 219 3740 di
241 3686 268 3740 ei
289 3685 471 3740 beneficium
491 3694 602 3740 cessat.
618 3685 680 3742 Ofr.
699 3690 869 3754 Bacceroai,
890 3688 926 3742 de
947 3688 1088 3742 ministro
1108 3677 1233 3754 ordinis,
1253 3705 1284 3742 n.
1300 3687 1363 3742 893.

260 3777 296 3830 In
317 3775 419 3830 Gallia
439 3793 476 3829 ex
490 3775 575 3845 praxi
597 3775 734 3846 generali
764 3776 848 3830 solus
880 3776 1040 3848 episcopus
1068 3780 1190 3848 oriyinis
1221 3775 1363 3830 ordinare

189 3867 278 3922 solet:
298 3861 433 3922 attamen
446 3865 519 3918 talis
540 3865 728 3920 consuetudo
748 3865 810 3920 vim
830 3866 909 3937 legis
924 3866 1036 3921 habere
1058 3885 1116 3920 non
1130 3874 1281 3921 censetur.
1295 3865 1362 3920 Non

189 3964 329 4027 peccaret
355 3955 452 4025 igitur
472 3953 640 4025 episcopus,
662 3954 797 4026 aliquem
818 3955 936 4010 ratione
957 3955 1106 4010 domicilii
1126 3955 1281 4010 ordinans,
1301 3953 1367 4010 cfr.

189 4049 323 4112 Boaor'cr,
344 4063 368 4099 c.
387 4045 414 4109 4,
435 4051 491 4099 art.
510 4047 535 4112 53
556 4046 687 4113 Gcassct,
708 4062 737 4100 n.
755 4045 819 4098 648.
1193 4048 1194 4052 ’

263 4152 306 4222 (4)
325 4151 445 4218 Devoti,
466 4151 529 4206 Ius.
548 4169 613 4206 can.
633 4151 725 4218 univ,
748 4151 767 4208 1.
784 4151 808 4218 I,
828 4151 877 4206 tit.
897 4152 939 4220 13,
959 4150 978 4222 ξ
997 4153 1023 4207 4.

262 4262 301 4332 (5)
323 4259 415 4315 Conc.
434 4259 524 4326 Tria,
546 4255 564 4332 ξ
585 4260 611 4326 7,
631 4278 654 4314 c.
677 4261 719 4326 11,
739 4261 775 4315 de
796 4259 917 4315 reform.
