3198 4898
308 305 361 358 atr

309 451 361 493 res
395 427 536 492 fuerunt
572 427 698 492 Paulus
735 435 769 491 et
805 426 976 492 Antonius
1011 430 1065 510 (1),
1101 426 1258 493 Hilarion
1291 433 1327 490 et
1362 425 1482 490 Pacho

309 534 397 598 mins
421 537 479 616 (2).

386 641 552 705 ¹Decursu
587 639 750 726 temporis
780 649 890 706 status
927 640 1106 726 religiosus
1139 639 1177 704 in
1198 637 1311 706 varios
1352 638 1485 704 ordines

308 747 509 833 dispertitus
532 755 584 812 est
608 747 739 813 ratione
764 747 918 831 Regulae
940 748 1004 812 sub
1041 769 1108 832 qna
1142 747 1214 812 Deo
1253 745 1412 831 militant,
1451 753 1486 810 et

309 855 386 920 finis
409 853 666 940 proprii'quem
689 853 883 920 intendunt.

398 960 659 1046 Distinguemus
693 982 774 1045 ergo
800 960 887 1024 hanc
910 959 1002 1026 vitae
1037 959 1214 1046 religiosae
1253 958 1481 1026 evolutionem

309 1068 346 1133 in
369 1069 520 1152 quinque
543 1067 696 1152 periodos
719 1088 778 1132 seu
802 1067 955 1151 epochae,
980 1066 1119 1132 scilicet:
1152 1067 1281 1152 epocha
1315 1067 1483 1132 monachi-

309 1176 383 1259 smi,
407 1175 639 1240 canonicorum
665 1175 882 1259 regularium,
909 1175 1170 1258 hospitalarium
1205 1179 1240 1238 et
1268 1173 1483 1246 militariam,

310 1283 505 1348 clericorem
528 1282 762 1378 repertorium

401 1406 474 1470 101.
498 1405 527 1469 I.
553 1403 612 1471 De
638 1405 846 1472 ordinibus
872 1404 1188 1473 monachalibus.

399 1510 566 1596 Religiosi
588 1511 690 1575 huius
724 1511 871 1596 epochae
909 1511 1145 1596 principaliter
1174 1517 1300 1576 vacant
1338 1518 1484 1576 contem-

309 1619 454 1708 plationi
478 1641 591 1684 rerum
616 1617 822 1702 divinarum,
846 1618 1001 1702 orationi,
1026 1617 1161 1684 lectioni
1186 1617 1332 1703 aliisque
1348 1616 1485 1703 pietatis

310 1727 430 1794 officiis
454 1729 511 1810 (3).
536 1724 721 1790 Ordinibus
746 1725 1000 1790 monachalibus
1024 1726 1160 1810 regulas
1182 1725 1351 1790 dederunt
1367 1724 1400 1790 S.
1419 1725 1481 1789 Ba-

310 1834 406 1900 silius
430 1835 475 1916 (4)
495 1833 532 1897 in
557 1833 710 1897 Ecclesia
734 1831 901 1916 orientali,
927 1839 961 1896 et
985 1831 1192 1897 Benedictus
1214 1831 1251 1897 in
1275 1831 1483 1898 occidentali.

312 1943 401 2009 Ordo
425 1942 459 2008 S.
483 1941 658 2006 Benedicti
684 1941 721 2007 in
745 1941 934 2026 complures
964 1941 1244 2026 congregationes
1272 1947 1335 2007 'sen
1372 1942 1486 2028 potius

309 2073 415 2116 novas
438 2049 619 2134 religiones
643 2047 774 2113 divisus
798 2056 858 2112 est.
893 2048 950 2113 lta
975 2047 1177 2134 prodierunt
1202 2047 1484 2134 congregationes

312 2155 581 2224 Otooioceosium
605 2179 625 2220 a
648 2155 680 2221 S.
706 2155 844 2221 Oddone
867 2160 933 2237 (an.
966 2155 1144 2238 927-921);.
1173 2154 1482 2221 Comatdatcnsa'cm

309 2289 330 2330 a
353 2263 386 2328 S.
411 2263 602 2328 Romualdo
624 2267 690 2345 (an.
717 2263 827 2343 1027);
862 2263 1214 2328 Valtumbrosaooium
1238 2285 1258 2327 a
1284 2261 1318 2328 S.
1357 2263 1484 2328 Ioanne

311 2371 496 2436 Gualberto
520 2373 553 2452 (1
576 2393 629 2434 an.
667 2370 775 2450 1073);
814 2368 1118 2436 carthusianorum
1153 2369 1229 2436 aS.
1254 2371 1417 2435 Brunone
1442 2373 1482 2450 (a.

312 2479 419 2559 1084);
447 2476 701 2543 Cisterceosium
725 2479 773 2558 (ὅ)
798 2498 817 2540 a
841 2475 875 2541 S.
899 2475 1051 2540 Roberto
1075 2475 1220 2558 (1098)(
1247 2481 1267 2558 ).

381 2672 423 2742 (1)
442 2673 473 2726 S.
492 2673 576 2726 Hr'er.
595 2670 684 2739 epist.
704 2669 741 2722 ad
762 2669 972 2722 Eustochium.

383 2780 423 2849 (2)
443 2781 557 2844 Euseb„
578 2777 660 2830 Hist.
680 2778 751 2832 eccl.
773 2779 792 2832 l.
813 2777 863 2842 Vl,
884 2796 908 2832 c.
927 2779 973 2846 42;
995 2778 1013 2831 l.
1032 2778 1119 2843 VIII,
1139 2796 1154 2831 c
1182 2780 1207 2844 6,
1227 2780 1254 2848 9,
1277 2779 1316 2846 10,
1340 2780 1382 2846 133
1410 2781 1482 2834 Heo-

309 2871 479 2940 9enroether
498 2877 526 2920 et
548 2867 601 2921 alii
623 2867 702 2936 apud.
727 2869 837 2933 Weroz,
858 2867 915 2932 ΙΙΙ,
937 2885 966 2922 n.
986 2868 1048 2921 602.

381 2973 420 3041 (3)
441 2973 502 3027 Ct'r.
522 2977 552 3028 S.
582 2975 666 3044 Grcp.
688 2974 759 3043 Cap.
779 2975 866 3027 Nem.
894 2974 922 3042 2,
942 2975 1107 3028 Monachus
1126 2973 1152 3040 4,
1180 2974 1213 3028 St
1231 2979 1330 3044 copis,
1351 2977 1375 3040 b,
1406 2989 1481 3029 caus.

311 3062 395 3128 XVI,
416 3081 443 3132 q.
464 3062 487 3116 I.

382 3169 421 3236 (4)
441 3167 562 3222 Diffusa
581 3177 628 3222 est
648 3175 754 3238 postea
774 3168 849 3220 haec
869 3166 980 3236 religio
1002 3167 1096 3222 etiam
1111 3167 1142 3222 in
1158 3167 1251 3221 Italia
1270 3177 1302 3222 et
1322 3167 1480 3239 Hispania.

248 3261 250 3265 '
310 3258 470 3328 Gregorius
490 3259 581 3322 XIII,
602 3257 705 3312 Oonst.
728 3259 964 3334 ‹Benedictus›
1005 3273 1053 3311 au.
1074 3257 1151 3322 1579,
1174 3264 1204 3310 et
1233 3257 1370 3314 Clemens
1395 3257 1480 3321 Vm,

312 3347 415 3402 Const.
447 3368 458 3394 ε
480 3348 560 3410 Quae
578 3351 620 3403 cd
638 3349 860 3402 restitudendos
881 3365 896 3395 »
928 3363 976 3402 an.
998 3348 1075 3414 1592,
1096 3355 1205 3400 cuncta
1226 3347 1414 3402 monasteria
1432 3351 1477 3401 *Ir-

311 3435 393 3488 dinis
413 3437 440 3490 S.
460 3435 571 3489 Basilii
592 3435 622 3488 in
643 3435 744 3498 ltalia,
764 3435 872 3489 Sicilia
890 3441 920 3488 et
942 3434 1094 3506 Hispania
1115 3445 1217 3490 erecta
1230 3445 1261 3490 et
1274 3436 1306 3490 in
1328 3451 1474 3507 posterum

311 3525 457 3590 erigenda
476 3525 532 3579 sub
547 3525 724 3579 obedientia
739 3524 831 3578 unius
845 3524 978 3578 acbatis
999 3524 1154 3595 generalis
1173 3525 1407 3581 coniunxerunt.
1422 3524 1479 3580 efr.

311 3613 425 3683 pariter
446 3617 551 3670 Leonis
569 3615 662 3679 XIII,
683 3613 743 3667 Lit.
763 3615 819 3684 Ap.
842 3614 873 3666 12
894 3613 967 3666 Maii
988 3615 1057 3668 1882
1076 3631 1130 3684 pro
1144 3613 1276 3668 Gallicis
1305 3614 1335 3668 in
1356 3615 1474 3686 ragione

288 3734 292 3740 ,
311 3700 534 3758 Ruchenorum.
1152 3734 1155 3739 ·

383 3813 421 3878 (5)
442 3811 585 3865 Ordinem
605 3809 842 3864 Cisterciensem
862 3809 1031 3864 illustravit
1051 3809 1079 3866 S.
1098 3811 1272 3865 Bernardns
1292 3811 1400 3866 Abbas
1425 3826 1478 3864 mo·

311 3900 439 3956 nasterii
461 3898 728 3954 Claraevallensis.
1161 3920 1162 3923 ¹

383 4007 424 4076 (6)
447 4007 496 4062 Ab
516 4008 622 4061 ordine
644 4006 843 4062 cisterciensi
874 4007 932 4060 orti
959 4015 1031 4062 sunt
1058 4011 1116 4064 ΡΡ.
1137 4011 1326 4078 Τναρρεηεοε
1345 4009 1391 4062 sic
1409 4003 1474 4062 dicti

311 4119 329 4154 a
348 4098 534 4153 monasterio
555 4099 582 4152 S.
601 4097 717 4152 Mariae
738 4099 774 4151 de
790 4098 917 4168 Trappa
938 4115 1013 4168 qnos
1033 4099 1140 4152 Abbas
1160 4100 1204 4155 Dc
1222 4098 1324 4154 Raoce'
1344 4099 1476 4155 reforma·

311 4188 356 4243 vit
376 4204 454 4241 saec.
475 4185 575 4240 XVII.
