3234 4902
1286 293 1320 352 17

145 425 245 490 nibus
283 421 409 509 graccis
433 420 620 506 elegantius
658 419 762 486 latine
793 421 942 504 redditis,
981 443 1088 488 novae
1127 421 1320 486 Collectioni

142 553 279 619 operam
312 529 415 611 dedit,
452 528 488 594 in
512 549 578 614 qua
600 537 635 593 et
658 550 730 593 can.
755 527 977 614 Apostolioos,
1001 550 1073 593 oon.
1100 528 1319 612 sardicenses,

142 638 422 704 Chalcedonenses
460 643 494 700 et
536 633 714 700 Africanos
754 635 929 722 congessit.
970 634 1117 719 Deinde,
1160 636 1320 702 hortante

143 747 279 812 Iuliano
313 744 509 830 presbytero
542 741 575 806 S.
600 741 810 823 Anastasius,
847 743 1035 807 Decretales
1074 742 1271 809 Pontificius
1298 766 1318 808 o

145 853 177 919 S.
203 853 240 918 P.
265 851 381 918 Siricio
405 854 473 932 (sn.
497 849 575 930 385)
599 849 641 914 ad
666 848 884 940 Anastasium
909 849 1001 932 (498)
1024 849 1160 935 collegit
1171 857 1206 915 et
1218 850 1319 916 oliam

145 959 378 1026 Collectionem
401 955 480 1022 fecit
510 977 596 1042 quse
625 955 735 1022 vocari
777 963 888 1041 potest
926 955 964 1020 Π
991 979 1069 1042 pars
1092 957 1219 1043 primae
1243 957 1319 1022 Col·

144 1066 297 1134 lectionis
318 1067 377 1148 (1).

234 1173 430 1238 leudoricus
452 1171 488 1234 in
511 1171 618 1234 lucem
650 1168 804 1255 pervenit
836 1167 922 1234 circe
961 1171 1108 1236 medium
1132 1192 1214 1236 saec.
1251 1171 1318 1236 IX.

144 1281 210 1346 Hic
232 1280 382 1346 Isidorus
405 1285 569 1343 mercator
591 1277 645 1342 vel
685 1287 836 1362 pecuum
861 1277 910 1358 (2)
934 1299 953 1342 a
976 1299 1043 1362 quo
1066 1277 1224 1372 Collectip
1261 1301 1320 1365 op·

142 1388 298 1476 pellatur,
321 1385 395 1472 quis
418 1391 505 1450 esset
529 1405 595 1450 non
618 1385 700 1449 bene
712 1389 844 1449 constat
868 1383 927 1466 (3).
953 1383 1128 1450 Dividitur
1157 1384 1319 1451 Collectio

144 1495 180 1558 in
204 1502 271 1559 tres
295 1499 406 1580 portes
427 1491 524 1556 iuxta
548 1490 814 1556 vetustissimum
830 1491 1097 1570 manuscriptum
1113 1491 1318 1560 vaticanum.

235 1599 349 1666 Prima
372 1619 450 1685 pers
473 1596 621 1663 continet
644 1597 710 1660 LX
734 1595 966 1662 Decretalesa
1005 1597 1175 1664 Clemente
1214 1621 1320 1686 usque

144 1708 187 1774 sd
210 1706 439 1772 Melchiodem.

234 1813 385 1878 Secunde
408 1833 486 1899 pars
509 1832 650 1876 conones
673 1809 897 1899 Conciliorum
923 1832 942 1875 c
966 1811 1112 1878 Nicceno
1135 1835 1242 1898 usque
1276 1815 1319 1880 sd

144 1921 343 2008 Hispalense
366 1919 404 1984 II
426 1919 462 1983 in
484 1919 603 1984 classes
626 1917 835 1982 distributos.

234 2025 347 2092 Tertia
370 2046 447 2111 pars
470 2024 658 2090 Decretcles
682 2023 782 2088 Rom.
805 2021 1008 2100 Pontificum
1031 2047 1051 2090 s
1074 2023 1237 2091 Silvestro
1276 2027 1319 2091 od
1412 2024 1414 2028 ’

143 2131 348 2217 Gregorium
371 2131 418 2196 M.

216 2327 257 2396 (1)
277 2325 351 2380 Post
374 2323 595 2394 Dyonisianom
615 2322 695 2378 alise
714 2322 894 2392 prodierunt
908 2323 1131 2392 collectiones,
1154 2323 1198 2378 ito
1219 2343 1264 2380 sx.
1285 2343 1321 2396 gr

144 2419 317 2481 Hadriana,
336 2414 385 2486 (ex
407 2411 492 2484 Pspe
511 2411 669 2467 Hadriano
682 2413 804 2478 cn.802)
816 2429 892 2483 quac
913 2419 1014 2466 tomen
1033 2431 1111 2468 nove
1125 2415 1221 2469 editio
1242 2414 1322 2487 Dyo·

144 2505 286 2560 nisienae
306 2503 436 2558 dicenda
452 2508 511 2573 est,
532 2501 637 2571 paucis
657 2508 776 2555 tantum
798 2509 850 2556 sut
869 2502 1014 2572 exceptis,
1035 2511 1086 2556 aut
1106 2503 1319 2559 additisItem
1366 2491 1370 2499 ¹

143 2595 176 2649 in
197 2593 299 2648 Gallie
318 2590 468 2648 collectio
489 2592 698 2654 Quesuelltaua
718 2591 748 2660 (a
769 2588 925 2655 Quesnell.
946 2607 1025 2646 socc.
1046 2591 1117 2661 Vl);
1142 2594 1241 2650 (lodex
1263 2595 1319 2650 Oa·

143 2683 310 2752 rotinus(a
330 2679 439 2735 Oarolo
460 2681 499 2734 M.
519 2697 566 2733 cn.
587 2679 652 2746 791)
684 2687 713 2732 et
745 2680 937 2748 Capitulures
969 2697 1043 2750 quos
1076 2682 1202 2750 collegit
1222 2682 1318 2738 abbas

143 2775 312 2842 Ausepisus
331 2769 367 2824 In
387 2769 494 2824 Africo
514 2767 662 2824 Collectio
684 2784 738 2822 seu
763 2767 865 2838 potius
896 2773 1043 2826 Breoictio
1063 2774 1215 2829 Ferrcudt
1247 2773 1318 2828 Dia·

143 2866 210 2918 coni
229 2859 386 2914 Ecclesiae
416 2856 693 2927 Carthagincirsis3
725 2856 874 2910 Collectio
904 2858 1052 2914 Gresccuz't
1070 2861 1214 2932 Episcopi
1236 2861 1318 2914 Afri·

144 2949 223 3006 ceni.
248 2950 283 3003 ln
304 2948 418 3018 Anglis
429 2957 460 3000 et
472 2945 623 3000 Hibernia
639 2947 851 3015 uccerpuonc
865 2948 986 3017 Eptertt
999 2957 1029 3001 et
1043 2953 1175 3019 synodus
1198 2953 1321 3006 Patrittr'

145 3057 200 3096 ssu
220 3037 369 3094 collectio
388 3041 548 3094 hibernica
578 3035 614 3090 In
643 3035 806 3090 Germanic
830 3035 981 3090 Collectio
1015 3039 1214 3096 Consiliorum
1248 3041 1319 3096 Ger·

142 3133 252 3185 manto.
274 3128 358 3198 (ann.
377 3128 437 3193 742,
458 3126 531 3195 743).
564 3124 599 3178 In
622 3123 776 3195 Hisponis
809 3125 957 3180 Collectio
985 3129 1111 3182 Martini
1138 3131 1319 3200 *Braqareu-

144 3221 193 3284 sis,
213 3215 363 3271 Collectio
384 3217 634 3286 canonico-coroa,
663 3221 693 3267 ct
715 3216 858 3270 Instituta
878 3231 929 3270 seu
948 3222 1087 3286 eaeccrprc
1108 3234 1259 3273 canonum
1278 3219 1318 3290 (i-

142 3314 258 3362 neunte
277 3323 357 3363 saec.
375 3305 475 3374 VIII).
507 3303 569 3359 oc.
593 3306 711 3360 Voellus
731 3311 761 3358 et
781 3306 932 3371 Iustelluc,
952 3303 1033 3361 Bibl.
1050 3307 1131 3378 juris
1161 3325 1229 3363 can.
1247 3314 1319 3364 tom.

143 3395 171 3466 1,
191 3395 221 3449 in
237 3393 313 3466 App.
335 3393 451 3462 Tardis,
465 3393 605 3448 Histoire
620 3393 673 3446 des
687 3409 809 3448 sources
830 3393 866 3448 de
878 3393 959 3448 droit
979 3413 1052 3462 con,
1066 3398 1091 3452 5.
1108 3397 1132 3458 7,
1146 3397 1181 3465 8;
1202 3399 1317 3469 Vertup,

145 3482 234 3539 Droit
253 3501 327 3551 con,
348 3490 420 3538 tom.
437 3483 462 3552 Ι)
485 3485 605 3549 Walter,
627 3482 706 3536 Man.
721 3481 797 3536 iuris
811 3499 877 3537 can.
892 3483 975 3538 univ.
990 3502 1005 3536 e
1020 3483 1130 3554 lingua
1142 3486 1319 3554 germanico

145 3573 177 3628 in
197 3574 341 3644 gallicam
356 3590 484 3640 versum,
499 3571 539 3646 ἕξ
554 3573 599 3640 83,
617 3573 660 3638 84,
671 3574 716 3640 85;
739 3575 783 3626 La
798 3574 920 3640 luente,
931 3573 1032 3628 Storia
1043 3575 1125 3628 Eccl.
1141 3574 1171 3628 di
1187 3574 1318 3646 Spagnc,

144 3663 204 3717 vol.
223 3663 266 3718 11.

169 3799 171 3803 ,
217 3771 258 3840 (2)
278 3770 408 3826 Codices
428 3769 481 3824 elii
501 3769 681 3824 Mercatoris
702 3777 731 3824 et
747 3768 989 3824 aliiPecostoris
1009 3787 1117 3824 nomen
1138 3771 1319 3842 inscriptum

145 3859 269 3915 habent.
289 3858 352 3916 Otr,
371 3860 482 3927 Devott,
503 3877 550 3930 op.
571 3859 622 3914 cit.
642 3859 759 3929 proleg.
778 3857 888 3926 LXIV,
909 3867 967 3914 ort.
987 3861 1012 3916 1.

215 3967 257 4039 (3)
276 3965 383 4038 Aliqui
404 3965 510 4020 dicunt
530 3965 627 4022 fuisse
650 3969 796 4038 Olparum
807 3965 990 4037 Episcopum
1009 3964 1245 4038 Mogontinum3
1264 3967 1320 4024 olii

145 4058 247 4112 Ebrou
275 4055 547 4128 Archiepiscopum
567 4055 788 4125 Rhemensem;
809 4055 863 4109 alii
885 4059 1076 4112 Benedictum
1096 4055 1238 4112 Levitom
1257 4058 1319 4112 Mo·

145 4144 320 4214 guntinum.
339 4142 401 4200 cfr.
424 4146 579 4200 Vecclztotti
598 4161 644 4214 op.
674 4143 724 4200 cit.
745 4144 767 4212 l,
788 4142 807 4216 ᾗ
829 4145 880 4213 60;
901 4147 1032 4212 Aichuer,
1053 4163 1101 4215 op.
1121 4145 1172 4201 cit.
1193 4163 1262 4216 pag.
1284 4147 1320 4200 42

211 4267 346 4313 Muscam
360 4291 385 4300 -
401 4266 519 4312 Elementa
533 4269 595 4311 turis
607 4266 682 4312 eccles.
694 4267 759 4322 publ.
775 4271 796 4312 ct
806 4269 908 4323 privati.
1254 4268 1268 4311 3
