3198 4898
1275 289 1329 361 sta

124 419 127 423 ’
154 409 316 476 feruntur
338 411 468 478 reditus
491 413 606 502 stolae,
630 419 666 496 et
688 412 778 480 forte
801 411 905 479 etiam
926 411 1183 498 distributiones
1213 401 1327 500 quoti-

154 515 281 602 dianae
300 519 357 602 (1).
796 519 799 532 ¹
1190 588 1192 592 ,

245 628 492 694 Parsimoniatc
512 629 602 713 quod
626 628 769 694 resultat
790 649 834 693 ex
857 627 1023 693 reditibus
1047 649 1149 693 mere
1171 625 1327 694 ecclesia-

153 730 249 797 sticis
272 733 315 798 ad
338 733 513 800 honestam
537 733 818 800 sustentationem
841 735 887 818 (2)
900 732 1169 820 competentibus
1186 741 1221 799 et
1236 732 1326 818 quod

153 838 270 904 clerici
293 841 428 926 parcius
450 841 597 908 vivendo
620 840 684 906 sibi
709 843 932 906 substrahant
953 851 988 907 et
1019 848 1236 928 congregant.

244 946 442 1034 Beneficiaia
465 947 555 1033 quod
578 947 833 1034 comprehendit
855 946 969 1013 omnia
991 947 1078 1013 bona
1096 971 1138 1014 ex
1152 946 1254 1012 titulo
1270 947 1326 1011 be·

152 1051 268 1118 nefiaii
291 1053 387 1118 velut
409 1077 451 1120 ex
474 1053 592 1120 fundis
614 1055 783 1120 dotalibus
805 1055 964 1120 ecclesiae
979 1055 1034 1120 vel
1051 1077 1094 1120 ex
1108 1053 1248 1118 decimis
1272 1075 1326 1138 acf

153 1158 292 1246 quisita,
316 1167 390 1226 tum
412 1163 599 1228 neccssaria
628 1163 670 1226 ad
703 1181 888 1246 congruam
926 1160 1208 1227 sustentationem
1252 1167 1326 1228 tum

153 1269 328 1353 superflua
351 1268 442 1333 ultra
464 1275 712 1353 competentem
735 1268 971 1354 quantitatem.

245 1375 318 1440 176.
353 1374 417 1440 His
454 1374 634 1441 declaratis
672 1375 856 1440 tenendum
890 1381 942 1439 est
976 1373 1114 1452 clericos
1138 1373 1327 1440 dominium

152 1479 279 1546 habere
302 1485 338 1562 a)
363 1483 520 1548 bonorum
538 1483 833 1566 patrimoniolium
857 1481 937 1566 quia
959 1503 1020 1566 per
1042 1481 1241 1547 clericatum
1258 1503 1327 1546 non

153 1586 320 1668 amittunt
342 1587 418 1653 iura
441 1587 558 1653 civilia
580 1588 722 1672 ideoque
745 1587 922 1672 incapaces
944 1587 1086 1653 dominii
1098 1611 1165 1670 non
1181 1588 1325 1654 reddun-

153 1701 222 1777 tur;
248 1696 278 1776 b)
294 1697 451 1760 bonoram
474 1697 571 1782 qnasi
588 1697 886 1780 patrimoniolium
909 1695 989 1780 quia
1002 1693 1259 1760 considerantur
1274 1693 1326 1758 uti

153 1821 281 1867 merces
303 1809 337 1866 et
370 1801 578 1888 stipendium
617 1799 749 1884 laboris
774 1807 804 1886 c)
842 1803 999 1868 bonarum
1025 1803 1326 1886 parsimonialium

154 1907 236 1994 quia
258 1907 287 1973 si
310 1907 383 1973 iure
406 1905 596 1994 potuissent
619 1919 658 1973 ea
682 1909 768 1981 bona
791 1907 826 1974 in
850 1909 1005 1994 proprios
1032 1929 1112 1974 usus
1151 1905 1327 1973 absumere

154 2037 194 2082 eo
221 2013 293 2100 ipso
323 2023 503 2080 censentur
525 2015 607 2088 haec
643 2016 729 2082 bona
752 2012 789 2080 in
811 2011 998 2082 dominium
1020 2013 1194 2082 transiisse
1229 2013 1326 2080 cleri·

153 2143 280 2188 corum.
305 2122 462 2188 Ceterum
485 2137 628 2196 caveant
650 2123 763 2188 clerici
785 2147 828 2189 ne
851 2123 1089 2209 parsimoniale
1104 2129 1263 2206 augeant,
1280 2133 1328 2186 at·

154 2249 222 2314 qua
245 2227 433 2294 abiectione
455 2237 490 2294 et
512 2229 666 2295 sordibus
690 2229 865 2294 vilescant.

245 2335 296 2399 De
320 2337 410 2400 bonis
432 2343 544 2400 antem
568 2335 810 2422 beneficiatibus
833 2335 955 2419 (quoad
978 2333 1119 2415 reditus)
1143 2336 1190 2416 (3)
1206 2333 1326 2398 distin-

225 2549 236 2616 (
241 2547 268 2616 1)
286 2535 354 2602 Hoc
373 2545 534 2617 pecunium
554 2549 717 2618 respondet
728 2545 848 2620 peculio
861 2550 1004 2603 castrensi
1023 2548 1070 2600 vel
1084 2549 1327 2618 qnasi-castrensi

153 2653 357 2692 romanorum.
386 2635 516 2690 Romani
546 2653 664 2708 quoque
691 2634 925 2706 distinguebant
946 2635 1134 2708 quadruplex
1155 2635 1326 2706 pecuniam,

155 2743 262 2796 nempe
282 2731 439 2797 castrense,
464 2725 544 2796 quod
564 2743 600 2780 ex
633 2725 745 2780 militia
765 2733 881 2780 armata
912 2727 959 2780 vel
981 2743 1016 2779 ex
1045 2725 1155 2780 castris
1176 2723 1326 2798 militari·

156 2813 222 2883 bus3
241 2815 495 2886 quasi-castrense,
528 2816 607 2886 quod
627 2833 664 2869 ex
683 2815 797 2868 militia
816 2823 921 2885 togata
942 2815 1006 2868 sive
1027 2833 1063 2869 ex
1084 2813 1230 2870 exercitio
1251 2811 1326 2866 libe·

154 2903 264 2958 ralium
294 2905 404 2958 artium
434 2912 469 2958 ut
497 2911 544 2958 est
571 2903 830 2975 iurisprudentiae
857 2913 886 2958 et
913 2901 1092 2972 medicinam
1117 2905 1327 2983 adventitiam,

155 2990 235 3064 quod
255 3011 292 3047 rx
313 2991 400 3047 bonis
421 3001 576 3047 maternae
596 2993 802 3047 successionis
822 2993 870 3047 vel
890 2993 1019 3048 alterius
1034 3010 1189 3064 personam
1208 3000 1239 3046 et
1255 3009 1325 3061 pro·

154 3081 308 3150 factitium,
340 3083 421 3154 qaod
441 3099 477 3136 ex
497 3082 586 3136 bonis
605 3081 741 3152 paternis
761 3085 808 3136 vel
830 3081 927 3152 patris
948 3081 1203 3154 contemplatione
1224 3079 1326 3152 acqui·

154 3169 233 3237 sitis,
254 3169 402 3241 provenit,
423 3171 487 3225 sive
508 3169 707 3242 componitur.

225 3281 265 3350 (2)
286 3281 334 3334 Ad
353 3280 512 3334 honestam
527 3287 558 3334 et
576 3297 742 3349 congruam
762 3281 1018 3334 sustentationem
1037 3280 1269 3349 computandam
1281 3297 1325 3332 re·

152 3367 227 3440 gula
245 3369 400 3438 generalis
417 3367 544 3438 proponi
565 3385 623 3422 non
636 3375 753 3438 potest.
772 3370 850 3424 Prae
870 3369 967 3422 oculis
986 3375 1087 3422 tamen
1108 3369 1213 3422 haberi
1235 3367 1327 3441 debet

155 3457 292 3527 dignitas
315 3475 472 3527 personae,
492 3457 558 3511 eius
578 3458 692 3528 gradus
712 3475 765 3512 seu
786 3457 888 3513 civilis
909 3457 1006 3526 origo,
1035 3457 1166 3511 scientia
1195 3467 1224 3509 et
1245 3455 1325 3524 aliae

154 3534 516 3618 qualitates'personales
536 3565 613 3618 quae
642 3547 773 3602 maiores
794 3548 840 3602 vel
862 3547 994 3600 minores
1015 3546 1188 3616 exigentias
1209 3562 1325 3622 secum-

129 3677 131 3683 Α
154 3633 265 3704 ferunt,
286 3654 340 3690 nec
361 3655 420 3690 non
441 3636 632 3708 respicienda
652 3643 699 3690 est
719 3638 747 3690 1⁰
766 3636 911 3706 temporis
932 3635 1049 3706 locique
1070 3636 1158 3703 rati0;
1176 3635 1206 3688 2⁰
1225 3635 1325 3688 mode-

153 3732 221 3780 rata
240 3727 437 3798 hospitalitas
456 3745 515 3780 non
535 3726 634 3781 solum
653 3743 817 3796 pauperum
832 3727 868 3779 ds
889 3744 947 3796 qua
962 3726 991 3778 in
1014 3725 1095 3781 urid.
1115 3742 1191 3780 sess.
1211 3725 1325 3792 XXIV,

155 3817 223 3882 o.8,
243 3816 279 3870 de
299 3815 355 3871 rei.
382 3816 436 3870 sed
468 3815 561 3870 etiam
591 3814 896 3884 consanguineorum,
917 3831 947 3868 ec
967 3822 1179 3868 extraneorum
1199 3831 1326 3885 pauper·

153 3911 218 3958 tate
238 3922 297 3958 non
318 3904 532 3974 laborantium;
550 3905 580 3958 3⁰
598 3904 728 3958 honesta
745 3905 905 3973 recreatio;
930 3905 959 3958 4⁰
978 3904 1136 3975 probabile
1157 3903 1326 3980 periculum
1388 3935 1389 3938 =

155 3993 180 4048 si
201 3993 283 4050 adsit
303 3994 423 4048 venturi
444 3993 550 4060 morbi,
570 3993 747 4048 sterilitatis
768 4000 824 4048 etc.
855 3993 891 4047 1n
912 4011 1024 4063 genere
1044 3993 1162 4048 attendi
1182 3993 1273 4046 debet
1293 3991 1326 4048 in

154 4083 210 4136 bac
231 4082 456 4152 computatione
475 4083 609 4153 prudens
630 4083 740 4152 agendi
774 4081 853 4135 ratio
873 4089 904 4136 et
925 4099 1000 4136 usus
1020 4082 1199 4136 clericorum
1219 4081 1336 4153 probo.

154 4187 228 4236 rum,
245 4169 296 4240 qui
317 4169 348 4223 in
370 4170 476 4224 eadem
495 4169 671 4224 conditione
692 4176 861 4225 versantur.
881 4169 927 4224 of.
947 4171 1042 4238 Santi,
1063 4170 1117 4226 l.c.
1135 4188 1165 4224 n.
1184 4172 1210 4225 5.

225 4276 268 4347 (3)
286 4267 407 4329 Dicitur
426 4278 526 4347 quoad
545 4278 659 4332 reditus
678 4274 750 4346 quia
768 4275 868 4346 quoad
887 4277 1088 4332 substantiam
1122 4274 1169 4329 ius
1197 4273 1327 4331 dominii
