3198 4898
293 367 351 428 aaa

111 463 124 594 ,f
199 481 200 486 Ι
298 497 351 558 est
374 491 423 557 eis
445 492 689 579 assignandum
712 496 768 576 (1).
804 493 848 558 In
882 489 1039 559 oratoriis
1078 489 1226 578 publicis
1262 515 1331 558 non
1364 492 1470 558 solum

298 621 416 685 preces
439 600 496 666 sed
520 608 556 665 et
578 599 699 666 missae
721 600 815 665 nullo
850 620 990 666 numero
1031 598 1277 665 determinatae
1311 597 1471 665 celebrari

298 714 450 792 possunt,
474 705 578 772 ctiam
601 705 638 772 in
661 706 772 773 forma
795 707 934 772 solemni
958 709 1013 790 (2).
1581 769 1582 794 ἶ

391 815 465 879 113.
491 810 766 900 Semipublica
789 820 870 878 sunt
892 819 927 878 et
949 819 1115 880 vocantur
1136 835 1176 879 ca
1198 835 1285 899 quae
1307 811 1411 878 etiam
1435 812 1472 876 in
1581 797 1582 812 ³

302 921 375 988 loco
398 919 644 1006 quodammodo
666 917 804 1005 privato
825 919 882 984 vel
904 941 973 985 non
995 919 1147 984 absolute
1170 918 1316 1004 publico,
1358 923 1469 984 aucto-

300 1027 404 1093 ritate
427 1025 599 1092 Ordinerii
623 1033 735 1094 crecta
758 1034 847 1111 sunt,
872 1027 1045 1093 commodo
1075 1033 1190 1093 temen
1212 1049 1282 1092 non
1320 1024 1471 1091 fidelium
1581 1095 1582 1110 ,

299 1133 460 1219 omnium,
485 1156 546 1198 neo
570 1133 726 1219 privatae
749 1140 885 1198 tantum
911 1148 1080 1220 'personae
1115 1140 1176 1199 cut
1212 1133 1375 1217 familiae,
1415 1131 1473 1197 sed

299 1240 444 1307 alicuius
471 1239 724 1307 communitatis
762 1241 818 1306 vel
857 1263 1076 1328 personarum
1114 1247 1229 1307 coetus
1267 1237 1470 1306 inserviunt.
1581 1235 1582 1242 '

298 1346 412 1413 Huius
435 1346 570 1434 generis
593 1347 741 1413 oratoria
763 1354 844 1413 sunt
866 1369 953 1432 quae
976 1347 1150 1434 pertinent
1188 1347 1232 1413 ad
1271 1345 1471 1429 Seminaria,

301 1455 453 1541 Collegia
476 1455 567 1538 eccl.;
593 1455 635 1520 ad
658 1453 716 1540 pia
739 1453 904 1520 Instituta
927 1461 962 1519 et
986 1453 1171 1520 Societates
1198 1459 1357 1519 votorum
1395 1452 1472 1517 sim·

300 1562 452 1649 plicium,
493 1561 643 1648 aliasque
684 1560 943 1628 communitates
967 1561 1029 1626 sub
1068 1561 1188 1647 regula
1222 1559 1295 1627 sive
1334 1557 1474 1626 statutis

299 1670 419 1736 saltem
443 1669 485 1735 ab
499 1668 679 1735 Ordinario
701 1667 907 1754 approbatis,
935 1667 977 1732 ad
993 1668 1113 1734 domus
1128 1667 1366 1754 spiritualibus
1384 1687 1476 1732 exer·

300 1775 392 1841 citiis
415 1774 578 1844 addictas:
602 1775 644 1840 ad
669 1773 855 1840 Convictus
878 1781 913 1840 et
947 1773 1106 1860 Hospitis
1128 1773 1302 1840 iuventuti
1337 1772 1476 1858 litteris,

297 1882 461 1950 scientiae
480 1889 541 1949 aut
558 1882 689 1948 artibus
700 1880 931 1948 instituendae
944 1881 1114 1948 destinata
1131 1883 1187 1966 (3),
1205 1881 1247 1947 ad
1263 1880 1474 1965 Nosocomia,

301 1988 608 2076 Orphanotrophia,
632 2011 693 2054 nec
716 2011 785 2054 non
807 1987 850 2053 ad
873 1987 979 2054 Arces
1003 1995 1038 2053 et
1060 1987 1230 2074 Carceres,
1255 1995 1359 2073 atque
1381 1985 1476 2052 simi-

300 2097 347 2163 lia
370 2097 517 2164 oratoria
539 2095 576 2161 in
600 2095 723 2181 quibus
755 2119 797 2160 ex
834 2094 994 2161 instituto
1027 2094 1151 2181 aliquis
1189 2093 1477 2160 Christifidelium

260 2245 263 2250 -
302 2211 416 2270 coetus
440 2202 621 2269 convenire
652 2202 736 2268 solet
759 2202 801 2266 ad
840 2201 1044 2268 audiendam
1083 2199 1220 2268 Missam
1247 2203 1305 2286 (4).
1345 2202 1478 2282 Quibus

300 2311 440 2396 adiungi
466 2311 589 2376 debent
612 2309 796 2396 Cappellae
819 2308 855 2373 in
880 2308 1089 2376 Coemeterio
1112 2310 1177 2375 rite
1199 2315 1340 2394 erectae,
1380 2309 1480 2374 dum-

176 2377 178 2382 !
302 2420 401 2486 modo
423 2419 460 2484 in
483 2418 606 2483 Missae
641 2414 865 2482 celebratione
889 2416 1045 2482 omnibus
1071 2416 1227 2482 fidelibus
1265 2417 1379 2482 aditus
1417 2440 1479 2504 pa·

300 2533 372 2594 teat
396 2530 455 2610 (5).

373 2739 414 2811 (1)
435 2741 594 2809 Gosparri,
614 2739 633 2793 l.
653 2755 679 2794 c.
698 2755 727 2793 n.
747 2738 807 2806 196;
831 2741 943 2808 Waruz,
963 2737 1021 2803 111,
1039 2753 1068 2808 p.
1085 2737 1147 2793 452.

372 2846 414 2918 (2)
436 2849 504 2901 Bao.
523 2847 607 2913 XIV,
629 2843 731 2899 Const.
752 2864 768 2896 ‹
788 2847 855 2901 Etsi
873 2849 995 2900 minime
1015 2868 1026 2894 2
1049 2845 1066 2898 7
1085 2843 1157 2900 Feb.
1177 2845 1257 2899 1742.

297 2995 298 2998 ,
372 2955 415 3026 (3)
435 2955 464 3010 S.
482 2953 519 3008 R.
541 2953 574 3010 O.
593 2954 682 3009 Decr.
698 2955 735 3010 23
754 2953 820 3009 Ian.
840 2954 917 3021 1899,
939 2954 1030 3024 (Acta
1048 2954 1092 3020 31,
1111 2953 1175 3020 412)
1194 2960 1225 3006 et
1243 2969 1322 3022 resp.
1342 2957 1374 3006 in
1394 2970 1479 3010 cans.

301 3044 425 3100 Nivern.
436 3045 453 3099 8
464 3041 552 3100 Mart.
564 3045 642 3099 1879.
654 3041 716 3100 etr.
727 3045 831 3100 Ocnst.
844 3047 949 3100 Leonis
960 3045 1027 3100 XII
1032 3045 1054 3109 Ι,
1072 3063 1084 3090 ‹
1097 3044 1240 3099 Constitue
1253 3060 1269 3092 »
1281 3043 1300 3096 8
1311 3041 1384 3097 Dec.
1400 3043 1481 3097 1900.

372 3153 410 3224 (4)
431 3152 517 3207 Haeo
537 3152 639 3207 verba:
658 3172 675 3205 s
696 3156 789 3226 Atque
807 3156 918 3208 similia
940 3154 1087 3220 oratoria,
1109 3153 1141 3208 in
1160 3153 1268 3224 quitus
1287 3168 1324 3207 ecc
1342 3155 1479 3208 instituto

302 3247 412 3316 aliquis
433 3243 677 3314 christifidelium
706 3246 802 3298 coctus
821 3245 973 3298 corcveuire
992 3245 1062 3298 solet
1081 3244 1123 3297 ad
1143 3243 1329 3297 audiendam
1349 3243 1479 3298 Missum

302 3331 438 3403 intelligi
470 3348 558 3402 posse
587 3331 623 3385 de
652 3331 892 3403 quibuscumque
912 3329 1121 3403 fidelibusqui
1142 3330 1332 3385 assentiente
1354 3332 1478 3385 domino

301 3421 360 3476 loci
383 3427 413 3475 ct
438 3417 591 3475 Ordinarii
621 3419 804 3474 auctoritate
830 3419 1063 3487 interveniente,
1083 3417 1229 3473 accedent
1253 3419 1291 3480 ad
1321 3418 1481 3490 praedicte.

303 3509 443 3566 Oratoria
471 3525 524 3580 pro
554 3507 706 3562 audienda
734 3507 831 3562 Missa
860 3507 954 3562 etiem
974 3508 1004 3562 in
1026 3507 1289 3578 adimplimontum
1322 3509 1477 3579 praecepti

301 3599 444 3655 festivi»
464 3597 623 3669 rescripsit-
643 3599 670 3654 S.
690 3597 727 3654 R.
749 3597 780 3654 O.
794 3599 811 3651 3
824 3599 905 3667 Aug.
921 3598 998 3653 1901.
1018 3599 1064 3652 Ex
1083 3597 1140 3652 hoc
1160 3597 1330 3666 deducitur,
1353 3599 1385 3654 in
1405 3615 1477 3654 casu

302 3707 360 3762 quo
385 3696 486 3744 certus
515 3689 652 3743 fidelium
682 3705 825 3742 numerus
853 3689 979 3744 accedat
998 3705 1051 3760 pro
1071 3688 1231 3756 audienda,
1251 3688 1364 3743 diebus
1385 3687 1478 3744 etiem

301 3778 432 3847 festivis,
453 3779 550 3833 Missa
568 3779 660 3833 huius
680 3777 917 3833 celebrationem
937 3785 967 3834 et
986 3778 1175 3834 auditionem
1195 3777 1394 3834 Ordiuarium
1414 3797 1478 3851 per·

303 3871 425 3924 mittere
446 3886 535 3941 posse
550 3869 581 3923 in
595 3869 746 3924 Oratoriis
766 3886 884 3940 quoque
904 3870 1044 3941 privatis.
1064 3869 1126 3925 etr.
1147 3871 1176 3926 Il
1195 3872 1301 3924 Monit.
1316 3871 1407 3936 acet,
1422 3885 1475 3924 ser.

304 3960 345 4024 ΙΙ,
366 3960 424 4014 vol.
444 3959 501 4013 III.
523 3977 551 4030 p.
569 3959 630 4026 349,
652 3966 732 4015 ncta.
751 3958 838 4013 Haec
861 3959 1018 4014 conclusio
1038 3959 1152 4014 clarius
1171 3958 1334 4013 deducitur
1355 3977 1392 4013 ex
1413 3958 1478 4030 ipsa

305 4047 498 4118 facti-specie
526 4047 664 4119 exposita
683 4047 710 4104 S.
731 4045 768 4103 R.
788 4047 1029 4119 congregationi
1050 4065 1068 4102 a
1087 4047 1123 4103 R.
1144 4047 1180 4102 D.
1198 4045 1373 4102 Secreterio
1391 4047 1478 4102 Vice-

302 4137 401 4193 rietus
420 4137 523 4204 Urbis,
543 4154 602 4208 quc
622 4137 758 4192 instante
779 4138 906 4193 citatum
926 4155 1105 4210 responsum
1125 4137 1229 4192 datum
1249 4145 1307 4194 eet.
1327 4137 1391 4194 efr.
1411 4139 1479 4194 Fer·

302 4233 374 4294 rate,
397 4226 538 4298 Liturgia
557 4226 681 4296 Missae,
701 4245 730 4284 n.
750 4230 782 4282 12
802 4235 883 4284 nota.

373 4334 415 4404 (5)
434 4333 462 4388 S.
481 4332 518 4388 R.
539 4334 572 4390 C.
592 4334 712 4390 Decret.
732 4335 942 4390 Gen.231an.
964 4335 1042 4392 1899.
