3234 4902
1304 339 1346 394 te

161 481 245 540 libus
266 488 320 540 aut
352 481 391 539 de
412 479 553 540 ecelesiis
574 480 818 556 particularibus
835 500 929 558 0000,
951 479 1014 540 sed·
1029 480 1110 540 thesi
1134 488 1259 540 nostrae
1291 484 1344 540 ni·

161 579 208 638 hil
229 577 339 656 officit3
364 582 390 636 si
411 577 450 636 dc
472 577 613 636 Ecclesia
633 577 815 655 universali,
837 595 912 659 nepo
932 584 968 638 ut
989 583 1087 654 patet.

676 839 752 883 ΛΒΤ.
786 839 822 883 Π.

502 1055 505 1060 ¹
587 962 618 1024 ta
643 965 761 1038 00000
785 959 918 1024 tunicatae.

250 1139 304 1204 39.
328 1139 384 1204 Ex
406 1123 526 1224 regula
549 1138 700 1224 generali
723 1145 795 1204 tota
817 1145 967 1223 potestus
990 1157 1093 1221 quam
1116 1137 1151 1202 vi
1175 1161 1255 1204 0000
1280 1162 1343 1204 nae

157 1255 257 1312 turae
279 1246 421 1312 societas
443 1244 598 1331 perfecta
620 1245 724 1310 habet
758 1245 795 1310 in
818 1247 905 1330 0000,
930 1243 1086 1310 consistit
1109 1245 1146 1310 in
1170 1245 1245 1312 iure
1269 1245 1343 1311 exi-

158 1351 262 1440 gendi
286 1375 373 1438 quae
395 1345 584 1417 necessaria
607 1343 754 1418 suntad
776 1352 878 1418 finem
896 1352 993 1438 plene
1016 1353 1264 1435 assequendum
1282 1355 1336 1436 (1).

157 1459 334 1546 Atquiad
356 1461 464 1525 finem,
481 1459 580 1544 plene
601 1459 850 1544 assequendum
873 1457 942 1524 tria
958 1459 1041 1523 haec
1065 1467 1201 1524 tantum
1226 1459 1343 1544 requi-¹

157 1576 303 1634 runtur:
329 1566 558 1634 raimodis
588 1590 675 1652 quae
698 1568 740 1632 ad
764 1565 866 1634 finem
904 1568 1098 1634 conducunt
1131 1567 1341 1654 obligatorio
1424 1633 1426 1638 ,

157 1676 257 1742 modo
278 1683 532 1762 proponantur:
557 1676 592 1740 2ο
608 1683 648 1738 00
663 1697 750 1760 quac
766 1673 940 1760 proposita
956 1684 1045 1760 sunt,
1064 1675 1138 1760 rite,
1155 1675 1176 1740 i.
1194 1700 1223 1741 0.
1240 1675 1343 1740 iuxta

158 1805 237 1848 eum
260 1783 397 1850 modum
419 1804 701 1866 assensumque
724 1779 867 1846 fuerunt
890 1781 1073 1868 proposita,
1098 1782 1339 1869 applicentur,-

158 1891 195 1955 3⁰
218 1897 257 1955 ut
280 1898 459 1956 renuentes
482 1889 598 1954 eadem
620 1887 803 1974 applicare,
832 1888 868 1953 vi
891 1888 1055 1966 adhibita,
1080 1898 1255 1974 cogantur,
1274 1889 1341 1954 im-

156 1996 333 2086 pedientes
356 2004 574 2062 coercentur:
598 2017 639 2060 ex
663 1993 786 2079 quibus
809 1995 960 2081 primum
983 1995 1162 2062 constituit
1185 2002 1333 2082 poteste-

156 2111 227 2169 tem
250 2105 434 2190 lepiferom,
459 2103 605 2168 alterum
627 2103 857 2186 iudiciariam,
887 2103 1028 2168 tertium
1052 2105 1246 2168 coactivum.
1271 2105 1337 2168 Er-

158 2233 202 2296 go
225 2210 403 2296 potestatis
426 2209 559 2294 divisio,
584 2231 686 2294 quum
703 2209 739 2273 vi
762 2231 842 2274 suae
864 2217 1006 2274 naturae
1022 2211 1162 2276 societas
1184 2210 1342 2297 perfecta·

157 2319 262 2384 habet
277 2319 315 2384 in
330 2340 416 2403 suos,
434 2317 472 2382 in
487 2317 641 2402 legifera,
656 2317 693 2382 in
715 2316 896 2384 iudiciaria
912 2326 946 2384 et
962 2317 1114 2384 coactiva
1131 2319 1335 2384 continetur.

248 2425 311 2490 His
334 2423 528 2510 praemissis
551 2423 694 2490 dicimus
718 2425 909 2490 Ecclesiam
933 2425 1062 2511 triplici
1088 2427 1151 2492 hac
1168 2433 1342 2511 potestate

157 2533 319 2620 gaudere,
343 2531 489 2617 legifera
513 2531 652 2616 scilicet,
676 2531 856 2598 iudiciaria
879 2540 914 2598 et
938 2533 1099 2598 coactiva.

249 2675 353 2740 Peon.
378 2673 405 2739 I.
431 2715 474 2722 -—
498 2673 557 2740 Ad
599 2671 824 2744 Ecclesiam
862 2673 1035 2760 pertinet
1068 2682 1247 2760 potestas
1283 2675 1339 2742 le·

156 2781 296 2869 gifera.

248 2886 402 2954 Ecclesia
425 2895 465 2952 ut
488 2886 629 2952 societas
656 2885 800 2952 iuridice
816 2887 980 2972 perfecta,
1002 2888 1044 2953 ad
1060 2889 1162 2953 finem
1188 2911 1335 2954 commu·

151 3016 236 3060 nem
258 2997 303 3076 (2)
326 2993 475 3060 membru
510 3015 646 3060 movere
669 2994 777 3059 debet.
817 2995 925 3079 Atqui
961 3003 1000 3060 ut
1023 3019 1137 3062 omnes
1162 2996 1203 3061 ad
1233 2997 1337 3062 finem

150 3123 368 3166 communem
392 3101 575 3166 efficaciter
597 3123 733 3166 movere
750 3101 857 3187 possit
879 3125 1013 3168 necesse
1037 3111 1096 3188 est,
1123 3103 1165 3172 ob
1191 3103 1333 3168 humani

150 3207 350 3274 intellectus
374 3207 605 3273 diversitatem
637 3215 671 3273 et
695 3208 881 3274 voluntatis
915 3209 1154 3274 incestantium
1191 3209 1337 3275 indomi-

151 3323 297 3400 tumque
321 3314 550 3400 cupiditatum
574 3323 705 3382 aestum
740 3315 777 3382 in
800 3316 952 3402 qualibet
977 3317 1153 3402 agentium
1179 3316 1338 3382 multitu--

150 3421 245 3506 dine,
268 3429 308 3486 00
331 3421 482 3488 membra
512 3422 555 3492 ad
578 3423 721 3488 eundem
745 3424 847 3488 finem
882 3423 1010 3509 dirigat
1046 3424 1249 3511 quibusdam
1284 3447 1339 3490 re·-

227 3653 269 3726 (1)
289 3652 353 3710 cfr.
373 3657 526 3725 Tarquini,
547 3671 592 3725 op.
612 3655 666 3710 cit.
687 3661 743 3708 art.
762 3655 787 3710 1.

228 3743 271 3813 (2)
288 3761 305 3796 «
325 3741 392 3796 Non
406 3741 487 3796 idem
508 3750 561 3810 000,
587 3741 632 3798 ait
651 3745 682 3800 S.
703 3748 841 3814 Thomna,
862 3744 906 3799 De
929 3744 1037 3814 regim.
1058 3743 1244 3816 Principum,
1266 3745 1356 3812 01,

151 3851 178 3887 c.
200 3830 224 3898 Ι,
244 3827 326 3902 quod
346 3829 501 3901 proprium
522 3838 569 3886 est
590 3839 621 3886 et
642 3834 722 3903 quod
737 3850 905 3888 commuue.
925 3833 1096 3888 Secundum
1110 3833 1233 3904 propria
1247 3833 1333 3888 diffe-

150 3927 235 3988 runt,
255 3920 422 3974 secundum
440 3937 597 3976 commune
627 3923 785 3976 uniuntur.
816 3921 1014 3978 Diversorum
1046 3930 1158 3988 autem,
1192 3923 1337 3978 diversae·

150 4017 227 4067 sunt
246 4025 366 4064 000000.
386 4009 511 4080 Oportet
532 4010 627 4082 igitur
647 4018 767 4082 praeter
786 4011 817 4066 id
838 4011 918 4085 quod
937 4019 1038 4074 movet
1060 4013 1097 4065 ad
1111 4011 1266 4083 proprium
1284 4011 1333 4066 bo·

150 4117 228 4156 num
245 4097 498 4170 uniuscuiusque,
518 4117 585 4155 esse
617 4101 735 4172 aliquid
762 4101 842 4175 quod
861 4108 963 4157 movet
982 4101 1020 4156 ad
1042 4101 1154 4156 bouum
1173 4119 1337 4157 commune

150 4188 318 4244 multorum
341 4206 367 4240 a.
