3266 4896
1287 276 1340 330 123

253 405 330 490 Ipse
353 411 468 469 autem
488 403 681 468 'Richerius
705 397 755 468 bis
779 427 813 469 se
836 401 1037 468 retractavit
1060 402 1117 467 sed
1157 400 1336 483 simulat03

164 509 268 576 tertio
291 532 372 575 vero
395 509 532 575 videtur
554 509 683 574 sincere
709 513 765 591 (1).

254 616 454 682 Richerium
478 616 585 682 secuti
602 626 682 682 sunt
704 617 796 682 inter
819 617 912 682 alios.
926 619 984 682 Du
1008 617 1074 682 Pa
1098 621 1132 680 et
1156 615 1338 680 Lecneics.

256 725 329 788 137.
353 724 415 788 IV.
440 725 622 788 Febrenius
634 726 681 806 (2)
694 747 749 791 an.
764 725 850 789 1763
862 721 971 788 edidit
984 722 1111 788 librum
1124 744 1202 786 eum
1216 720 1336 785 titulo:

173 830 263 894 «De
286 837 378 894 statu
401 827 572 894 Ecclesiae
607 838 641 895 et
671 829 827 916 legitima
861 836 1028 915 potestate
1051 829 1094 894 R.
1120 825 1294 893 Pontifieis
1317 851 1337 887 »

165 935 202 1000 in
225 957 291 1021 quo
315 937 502 1023 primatum
525 937 567 1002 R.
593 937 768 1002 Pontificis
804 937 1007 1022 impugnare
1031 935 1178 1001 maxime
1202 934 1339 1018 nititur,

164 1047 224 1109 aab
246 1065 342 1129 scopo
365 1051 560 1130 apparente,
584 1045 717 1110 sublato
744 1045 895 1130 primatu
917 1043 1173 1126 iurisdictionis,
1199 1041 1336 1107 facilius

164 1151 346 1216 reducendi
368 1152 589 1217 heterodoxos
612 1153 653 1218 ad
677 1153 879 1218 catholicam
902 1149 1084 1218 veritatem
1108 1153 1161 1235 (3);
1191 1151 1249 1216 sed
1275 1149 1340 1215 sub

165 1262 231 1345 fine
250 1261 417 1344 protritae,
454 1265 493 1322 ut
516 1259 565 1324 ait
600 1260 637 1324 P.
665 1259 834 1344 Zaccaria,
873 1282 1031 1345 romanae
1070 1258 1149 1324 Sedi
1186 1255 1338 1322 universi

168 1364 266 1430 Orbis
289 1364 456 1431 invidiam
479 1365 632 1451 parendi.

255 1473 386 1539 Auctor
408 1474 444 1538 in
466 1481 650 1560 systemata
672 1475 739 1540 duo
763 1475 943 1562 praecipue
964 1476 1195 1540 demonstrare
1219 1494 1339 1557 aggre-

166 1579 280 1644 ditur:
316 1584 347 1662 1)
370 1579 556 1666 primatum
580 1604 757 1648 romanum
795 1604 863 1647 nen
892 1605 933 1646 ex
965 1580 1136 1646 Ecclesiae
1159 1603 1179 1644 a
1203 1577 1343 1644 Christo

166 1686 313 1752 Domino
335 1686 515 1752 institutae
537 1695 660 1752 natura
683 1695 785 1772 atque
812 1687 957 1752 essentia
981 1709 1190 1772 premanere,
1215 1685 1271 1750 sed
1297 1685 1342 1749 ab

167 1791 397 1858 accidentibus
434 1801 468 1858 et
506 1815 592 1878 quae
629 1793 780 1859 desinere
817 1801 960 1882 pessunt
983 1792 1165 1874 adiunctis;
1190 1795 1222 1867 2)
1249 1791 1339 1856 hunc

166 1897 354 1984 primatum
392 1899 552 1966 historice
583 1899 695 1985 etiam,
724 1901 844 1965 saltem
879 1899 1129 1985 antiquioribus
1168 1897 1341 1964 Ecclesiae

167 2007 326 2092 saeculis,
366 2005 471 2072 alium
510 2006 615 2072 fuisse
638 2030 678 2072 ac
701 2015 777 2094 pest
800 2007 969 2072 recentius
1007 2006 1242 2073 continuatum
1279 2026 1342 2090 per

167 2113 271 2178 falsas
295 2115 488 2180 Decretales
510 2121 544 2180 et
567 2115 643 2180 ΒΗ.
669 2113 873 2180 Pontificum
896 2114 1142 2200 usurpationes

257 2221 534 2307 Sollicituaergo
558 2221 746 2287 Febronius
770 2223 825 2286 hic
848 2222 986 2287 videtur
1008 2223 1050 2286 de
1068 2220 1224 2306 augenda
1248 2227 1342 2304 pete-

168 2334 256 2393 state
280 2327 529 2413 Episcoperum
562 2327 599 2394 in
632 2328 841 2414 praeiudicio
877 2327 1100 2394 Pontificatus
1124 2326 1255 2394 romani
1282 2328 1338 2409 (4).

166 2433 356 2499 Febronius
390 2435 570 2500 damnatus
605 2459 625 2500 a
648 2435 681 2500 S.
707 2435 745 2500 O.
780 2434 909 2500 Indicis
944 2434 999 2500 die
1035 2437 1078 2500 27
1102 2433 1201 2499 Febr.
1231 2433 1338 2514 17043

169 2542 190 2604 3
214 2541 312 2606 Febr.
339 2541 435 2624 17663
470 2543 514 2605 24
538 2541 620 2606 Maii
657 2545 753 2624 17713
778 2545 798 2606 3
822 2543 923 2608 Mart.
950 2535 1053 2607 1773.Ι
1079 2541 1166 2606 Item
1191 2564 1210 2605 a
1234 2539 1341 2604 Olem.

168 2649 260 2714 XllI
283 2647 393 2714 tribus
409 2649 577 2714 Brevibus
600 2649 655 2734 die
691 2653 733 2714 14
755 2649 873 2716 Martii
898 2651 984 2715 1764
1007 2650 1049 2714 ad
1073 2647 1345 2734 archiepiscopos

170 2755 419 2841 moguntinum,
444 2757 677 2841 trevirensem,
701 2765 735 2824 et
757 2757 1035 2842 herbipolensem.

259 2864 338 2948 Ipse
361 2871 475 2928 autem
499 2872 583 2950 op'us
606 2887 705 2935 suum
729 2863 925 2948 reprobavit
949 2871 984 2929 et
1006 2861 1283 2928 retractationem
1299 2862 1341 2926 ad

169 2968 271 3034 Pium
297 2971 346 3035 VI
371 2970 465 3036 misit
489 2975 545 3053 (b).
579 2971 680 3036 Anno
711 2993 792 3036 vero
825 2973 902 3036 1781
952 3001 966 3028 «
991 2968 1281 3036 Commentarium
1305 2966 1343 3032 in

244 3166 285 3238 (l)
305 3167 425 3220 Deteto
446 3167 537 3220 huius
556 3173 722 3238 systemate
752 3167 869 3220 consuli
892 3172 990 3236 petest
1016 3163 1265 3229 recusaturi
1295 3181 1343 3237 sy-

169 3263 268 3311 stema
287 3255 488 3328 confutatum
508 3257 644 3322 Chartae,
665 3255 710 3310 De
732 3255 783 3311 lib.
803 3255 914 3324 gallic,
935 3255 987 3310 lib.
1008 3255 1081 3309 Xll.
1144 3311 1147 3314 ,

243 3363 284 3434 pt)
304 3361 364 3416 Sub
384 3363 441 3416 hoc
460 3362 658 3439 pseudenimo
679 3363 754 3417 latet
773 3367 917 3420 Nicotaus
936 3365 973 3418 dc
995 3366 1161 3428 Hentteim,
1181 3361 1346 3432 episcopua

170 3450 385 3520 miriofitanus,
406 3450 567 3506 auxiliaris
586 3451 789 3508 Trevircnsis.

244 3559 284 3628 (3)
303 3560 492 3629 Quapropter
512 3565 542 3612 et
562 3559 601 3611 ab
622 3558 696 3629 ipsiu
720 3558 970 3612 Protestantibus
990 3559 1074 3628 prius
1095 3560 1218 3628 egregie
1240 3558 1343 3612 lauda·

168 3654 296 3716 tuaest,
317 3650 370 3702 sed
396 3649 467 3702 inde
497 3647 627 3703 derisus.
659 3649 792 3704 Consule
824 3641 1180 3718 scriptores'lTrpeienscs
1210 3653 1242 3704 in
1261 3651 1347 3705 nevis

171 3741 251 3793 Actis
271 3741 457 3794 eruditorum
477 3755 524 3793 au.
545 3739 622 3805 1164,
637 3756 708 3808 pag.
720 3741 744 3806 l;
762 3742 940 3794 Batrdtiura
958 3739 988 3792 in
1004 3739 1079 3794 diss.
1093 3745 1199 3791 contre
1213 3735 1352 3793 Febron.

170 3823 213 3899 ἐξ
232 3825 284 3891 Vl,
303 3825 376 3893 VII,
393 3825 481 3894 V1113
502 3828 711 3894 [atterentium
731 3827 799 3882 Inst
827 3827 898 3881 hiet.
912 3827 1024 3894 christ,
1036 3835 1107 3882 tom.
1122 3825 1182 3896 III,
1202 3844 1271 3898 pag.
1286 3825 1345 3882 146.

243 3933 285 4002 (4)
304 3933 497 4004 Scripserunt
516 3941 622 3986 contra
650 3933 842 3998 Febronium,
871 3935 1019 3989 Zaccarz'a
1040 3934 1069 3986 in
1092 3950 1202 4004 opere:
1223 3931 1342 3986 antife-
1365 3965 1366 3968 =

170 4023 308 4088 bronius,
329 4029 359 4076 et
379 4021 420 4076 in:
439 4019 674 4076 Antifebronius
698 4022 935 4090 vindicatus301.
955 4025 1087 4090 Audtsio,
1108 4021 1349 4076 Antifebrenius

170 4110 380 4187 abbreviatue;
401 4113 512 4179 cadiz,
532 4113 678 4168 Bellerinr‘
698 4115 812 4172 Petrus.
837 4115 940 4167 Victor
958 4115 994 4168 de
1013 4113 1159 4178 Concolor,
1180 4114 1348 4178 Mamerti,

170 4206 203 4256 et
223 4202 254 4256 S.
272 4203 360 4271 Alpe.
385 4203 422 4256 de
445 4205 570 4274 Liporio.

245 4309 287 4378 (a)
305 4307 367 4365 cfr.
386 4309 483 4364 anot.
502 4312 549 4364 ra·
572 4311 622 4375 rr,
641 4309 677 4364 aa
697 4309 768 4364 nee.
789 4309 867 4364 rus.
