3200 4890
299 269 354 332 864

300 397 408 460 totam
435 391 616 459 veritatem
640 395 696 474 (1).
721 391 853 460 Deinde
876 416 896 458 a
918 391 1030 458 iudice
1052 391 1108 458 vel
1130 392 1175 457 ab
1197 389 1271 456 eius
1308 390 1488 474 delegate,

300 499 432 571 notario
454 507 630 584 praesente
653 506 688 564 et
716 499 920 584 regulariter
959 497 997 565 in
1020 499 1092 564 loco
1126 496 1246 563 iudicii
1286 492 1489 562 examinari

300 607 426 672 debent
449 602 560 692 supra
575 609 736 674 articulos
752 609 964 692 probatorics
993 605 1053 692 qui
1089 604 1232 692 proponi
1272 609 1421 689 possunt
1468 625 1489 666 a

300 722 398 802 parte
421 737 507 800 quae
530 722 632 780 testes
656 713 822 800 producit,
845 737 908 780 nec
930 735 997 780 non
1019 713 1117 780 iuxta
1139 713 1300 778 articulos
1331 711 1485 776 interro-

296 823 444 910 patorios
467 845 487 887 a
510 829 607 907 parte
630 822 772 888 adversa
793 821 993 908 propositos.
1017 818 1308 905 Interrogationes
1344 815 1483 882 facien-

300 930 362 995 dae
385 951 456 994 esse
479 929 603 995 debent
626 929 833 995 sufficientes
870 936 905 995 et
938 935 1091 995 carentes
1125 925 1282 1010 fallaciis3
1319 921 1485 1008 alioquin

238 1091 240 1094 .
300 1044 418 1104 eontra
440 1035 532 1122 ipsas
555 1061 575 1103 a
598 1059 655 1102 reo
678 1036 789 1123 excipi
812 1043 933 1123 potest.
975 1033 1210 1124 Depositiones
1250 1031 1391 1098 testium
1441 1031 1487 1096 ab

300 1142 422 1210 iisdem
445 1142 639 1228 recognitae
661 1151 696 1208 et
718 1164 780 1228 per
802 1141 1085 1228 subscriptionem
1108 1141 1326 1207 confirmatae
1363 1136 1486 1223 publi-

301 1249 428 1318 candae
451 1258 540 1331 sunt;
576 1257 611 1315 et
634 1256 751 1316 contra
785 1272 841 1316 eas
863 1257 977 1336 partes
1001 1248 1173 1314 'adversae
1207 1245 1365 1332 excipere
1403 1267 1486 1330 pos-

300 1362 381 1422 sunt
404 1357 459 1438 (2).

390 1460 578 1526 Publicatis
600 1460 886 1544 attestationibus,
909 1459 969 1526 alii
992 1466 1094 1526 testes
1109 1456 1252 1543 produci
1267 1478 1338 1522 non
1358 1457 1485 1522 valent

300 1589 402 1652 super
424 1565 544 1632 iisdem
567 1565 722 1632 articulis
746 1569 801 1651 (3).

392 1674 465 1738 197.
505 1673 772 1742 Instrumenta
795 1695 894 1738 sensu
931 1671 1070 1758 proprio
1108 1681 1142 1736 et
1179 1669 1299 1736 stricto
1342 1667 1483 1735 definiri

300 1789 451 1864 possunt:
476 1782 665 1866 scripturae
688 1802 772 1866 qaae
794 1782 834 1846 de
855 1781 973 1866 aliqua
996 1801 1032 1846 re
1053 1781 1154 1866 fidem
1175 1779 1320 1864 facium.

391 1887 624 1953 Instrumenta
662 1886 865 1954 dividuntur
886 1887 923 1952 in
940 1888 1081 1972 publica
1104 1892 1138 1950 et
1156 1887 1310 1970 privato.

390 1993 532 2058 Publica
555 1993 718 2058 dicuntur
740 1981 827 2079 quae
849 1993 1077 2059 conficiuntur
1107 2015 1126 2058 a
1167 2013 1311 2076 persona
1341 1988 1482 2076 publica

301 2100 365 2166 sub
387 2108 480 2166 certa
503 2100 622 2183 forma;
646 2100 783 2186 privata
817 2123 903 2186 quae
940 2124 961 2166 a
984 2122 1127 2185 persona
1172 2098 1311 2185 privata
1353 2098 1480 2182 absque

301 2207 573 2274 solemnitatibus
596 2207 681 2273 iuris
705 2213 715 2291 l
740 2212 759 2290 ).

390 2315 477 2380 Tum
499 2323 613 2382 autem
638 2314 783 2400 publica,
807 2323 881 2380 tum
904 2315 1049 2400 privata,
1074 2336 1145 2378 esse
1168 2319 1310 2399 possunt
1333 2313 1477 2398 eripias

288 2413 350 2506 'lic
373 2422 427 2486 vel
450 2423 670 2508 eorernplnric²
695 2422 879 2486 secundum
903 2421 992 2506 quod
1024 2419 1183 2506 primitus
1222 2419 1377 2486 confecta
1426 2416 1480 2482 vel

301 2551 343 2594 ex
368 2527 527 2612 originali
552 2526 770 2612 transcripta.

391 2634 625 2700 Instrumenta
658 2633 794 2718 publica
817 2657 837 2698 a
859 2633 996 2719 publico
1034 2631 1166 2721 notario
1189 2630 1382 2716 conscripta
1405 2631 1475 2716 ple·

301 2762 380 2805 nam
402 2739 504 2804 fidem
526 2739 660 2805 faciunt
693 2739 855 2804 adversus
879 2761 993 2808 omnes
1017 2737 1122 2804 donec
1146 2737 1333 2805 contrariis
1357 2725 1473 2824 proba·

301 2845 450 2912 tionibus
472 2846 719 2932 impugnentur
745 2853 779 2910 et
802 2846 1021 2917 destruantur
1047 2849 1103 2930 (ὅ).
1168 2881 1170 2886 v

390 2953 624 3018 Instrumenta
657 2952 793 3038 privata
831 2953 1031 3038 subscripta,
1067 2953 1207 3038 plenam
1244 2951 1476 3038 probationem

373 3146 639 3216 (1)1uramentum
659 3148 773 3202 remitti
795 3155 895 3219 potest
915 3165 951 3202 ex
965 3165 1116 3204 consensu
1136 3115 1288 3219 partium!
1301 3147 1362 3202 nisi
1384 3163 1470 3219 quae·

301 3236 363 3290 etio
382 3235 494 3290 afficiat
515 3237 563 3290 ius
582 3237 677 3293 tertii.
696 3237 745 3291 Ita
765 3237 797 3293 0.
816 3238 851 3292 39
870 3237 901 3293 h.
921 3243 943 3292 t.
963 3308 966 3311 Ι

373 3345 412 3414 (2)
432 3343 495 3400 cfr.
513 3347 677 3416 Zollinper,
697 3345 727 3398 in
748 3345 777 3402 h.
795 3351 817 3400 t.
837 3363 865 3398 n.
883 3347 946 3413 2553
977 3347 1123 3408 Gonaalea
1150 3346 1189 3416 ad
1209 3363 1275 3416 cap.
1307 3347 1340 3400 17
1370 3344 1407 3399 de
1428 3342 1476 3396 Te·

302 3433 375 3488 stib.
396 3453 425 3488 n.
443 3435 470 3488 3.

376 3539 416 3610 (3)
436 3540 470 3595 O.
491 3542 535 3611 17,
555 3542 649 3597 Clam.
668 3541 685 3593 2
705 3542 771 3596 eod.
790 3548 819 3595 et
840 3542 875 3596 42
895 3533 973 3610 eod.;
992 3531 1055 3599 cfr.
1091 3529 1180 3616 Lapa,
1201 3545 1220 3602 l.
1240 3561 1267 3598 c.
1297 3561 1326 3598 n.
1345 3543 1411 3605 484:
1439 3539 1475 3595 Μ·

302 3630 451 3696 De·Lacc,
471 3630 508 3684 de
528 3630 590 3685 iud.
609 3648 638 3686 n.
654 3631 707 3685 206
726 3647 818 3702 seqq‚;
837 3633 1021 3701 Sanqutnetr',
1043 3633 1158 3711 aeos.

374 3731 593 3806 (4)'PrIvatum
622 3737 856 3792 instrumentum
888 3739 1099 3794 authenticum
1120 3739 1187 3794 fieri
1207 3739 1323 3795 dicitur
1343 3756 1408 3794 cum
1431 3751 1475 3807 pu·

301 3824 382 3879 blico
401 3824 506 3894 sigillo
526 3827 668 3906 munitur,
689 3826 736 3880 vel
752 3813 952 3896 magistratus
972 3835 1025 3883 aut
1046 3827 1197 3900 principis
1217 3829 1405 3884 auctoritate
1427 3841 1475 3897 pu·

303 3912 444 3970 blicatur.
465 3913 527 3971 Cfr.
547 3919 643 3976 Santi.
664 3917 712 3971 tit.
732 3915 837 3985 XXII,
857 3936 886 3974 n.
906 3921 931 3973 1.

372 4021 413 4092 (a)
433 4023 489 4076 nx.
507 4041 532 4078 0.
552 4025 593 4090 rc,
620 4025 664 4080 ne
681 4027 732 4095 fia.
753 4028 821 4080 msa
850 4029 876 4080 er
894 4028 931 4082 aa
947 4028 1034 4095 proc.
1064 4007 1103 4080 ir.
1136 4025 1349 4082 instrumenta
1382 4017 1474 4080 mulli-

303 4109 375 4182 plici
397 4129 434 4165 ex
453 4111 553 4182 capite
583 4112 755 4183 impugnari
775 4120 911 4184 possunt,
933 4131 980 4171 ex.
999 4131 1044 4184 gr.
1064 4131 1100 4168 ex
1131 4113 1255 4168 defectu
1279 4113 1405 4184 notarii,
1423 4111 1473 4166 for·

301 4216 368 4276 mae
388 4209 445 4284 etc.
466 4199 528 4254 Ofrss
550 4204 721 4268 Lombcrdt‚
743 4202 800 4269 ΙΙΙ,
821 4221 889 4275 pag.
907 4203 970 4259 256.
