3200 4890
275 299 330 358 428

275 427 451 490 lemnitates
471 429 503 488 in
525 429 648 490 iudiciis
669 429 838 489 servandae
860 429 949 488 iuxta
965 447 1073 488 sacros
1094 447 1235 505 canones,
1271 425 1452 505 apostolicas

274 527 511 587 constitutiones
533 525 672 604 aliasque
693 526 915 586 ecclesiasticas
937 528 1111 606 sanctiones
1126 524 1295 602 abrogatae
1310 543 1452 583 censean-

276 629 338 697 tur,
359 622 608 701 quotiescumque
630 624 726 684 libere
747 629 779 684 ot
799 607 964 682 efficaciter
998 623 1143 700 usurpari
1178 625 1310 700 possint;
1346 640 1452 680 verum

274 721 475 780 oeconomicon
495 720 669 782 huiusmodi
691 740 849 800 processus
884 720 922 780 iis
945 719 1048 780 Curiis
1081 720 1248 780 servandos
1285 719 1452 798 praescribi

276 819 308 876 in
331 818 443 895 quibus
465 817 673 878 solemnitates
694 819 876 880 iudiciorum
896 826 952 878 aut
972 819 1113 878 adhiberi
1135 823 1291 894 nequeant
1313 823 1371 875 ant
1394 817 1451 873 mi-

277 935 336 976 nns
357 915 500 993 expedIre
522 916 696 976 videantur.

355 1011 488 1090 Insuper
511 1013 571 1072 vim
593 1033 678 1074 snam
702 1013 788 1094 plene
812 1015 927 1072 retinet
942 1012 1108 1072 remedium
1122 1011 1358 1071 extraiudiciale
1373 1009 1451 1086 qnod

273 1131 313 1172 ccc
333 1113 505 1188 informata
539 1114 720 1172 conscicntia
749 1111 932 1190 appellatur,
968 1117 1000 1172 et
1023 1131 1076 1190 pro
1110 1107 1290 1170 criminibus
1325 1107 1452 1168 occultis

276 1209 484 1268 adhibendum
505 1209 642 1269 decrevit
664 1207 831 1269 Concilium
853 1209 1057 1268 tridentinum
1090 1209 1181 1286 (sess.
1218 1210 1255 1266 14
1276 1209 1385 1282 caol
1417 1209 1452 1264 dc

274 1307 425 1383 Reform.)
447 1311 486 1366 iis
508 1315 608 1366 temen
632 1309 748 1384 regulis
769 1327 803 1366 ac
824 1307 1018 1366 cautionibus
1040 1309 1173 1367 servatis
1204 1325 1283 1381 quas
1318 1307 1350 1363 in
1385 1303 1452 1362 eiu-

275 1406 360 1463 sdem
381 1405 493 1482 capitis
527 1405 687 1464 intellectu
721 1410 898 1464 constanter
929 1403 1082 1478 adhibuit,
1118 1403 1211 1462 Sacra
1246 1401 1452 1479 Congregatio

275 1500 404 1562 Concilii
426 1503 457 1560 in
481 1503 621 1580 pluribus
643 1502 880 1562 resolutionibus
902 1523 936 1561 ac
969 1501 1145 1562 nominatim
1178 1508 1211 1560 in
1242 1503 1389 1576 Boeotico,
1424 1505 1451 1556 ct

278 1599 425 1664 Sicorim.
448 1603 490 1660 20
510 1603 662 1662 Deccmbr.
686 1603 772 1661 1873.

838 1758 879 1816 X.

356 1891 457 1967 Quum
478 1895 678 1954 criminaliter
700 1895 819 1972 procedi
839 1913 916 1972 opus
938 1897 980 1954 sit
1001 1897 1067 1954 sive
1088 1893 1126 1953 ob
1148 1900 1380 1971 praeceptorum
1402 1893 1448 1948 in-

275 1990 452 2050 fractionem
475 1994 541 2050 sive
562 1991 600 2050 ob
621 1995 788 2050 communia
809 1992 936 2052 crimina
957 1999 1012 2050 aut
1040 1977 1316 2051 ecclesiasticarum
1349 1990 1451 2066 legum

276 2089 479 2162 violationem,
502 2109 661 2166 processus
682 2109 717 2148 es
739 2091 855 2148 ratione
876 2089 980 2150 confici
1004 2097 1106 2168 potest
1128 2094 1163 2148 ut
1178 2088 1345 2148 summaria
1355 2086 1451 2146 forma

276 2186 392 2261 absque
415 2189 548 2262 strepitu
569 2187 675 2245 iudIcii
696 2186 760 2259 fist,
783 2187 916 2246 servatis
937 2194 1172 2265 tamensemper
1187 2191 1226 2247 iis
1242 2187 1359 2264 regulis
1373 2203 1452 2260 qnae

273 2282 314 2340 ad
335 2285 487 2341 iustitiam
510 2283 717 2343 essentialiter
738 2285 882 2344 tuendam
905 2288 1071 2361 pertinent.

831 2433 891 2492 XI.

358 2571 524 2633 Processus
546 2591 616 2631 vero
637 2591 674 2631 eo:
694 2575 789 2649 officio
810 2573 977 2632 instruitur
998 2579 1053 2632 aut
1075 2577 1144 2650 post
1165 2573 1335 2650 supplicem
1361 2570 1453 2629 libel-

275 2671 338 2728 lum
361 2667 534 2728 exhibitum
555 2676 610 2730 aut
631 2667 783 2730 occasione
805 2671 965 2746 quaerelae
986 2677 1042 2730 eut
1066 2673 1286 2747 cuiuscumque
1323 2671 1455 2728 notitiae

276 2765 401 2826 acurio
422 2765 555 2840 habitae,
577 2775 670 2844 etque
692 2767 842 2826 adfinem
864 2787 897 2826 eo
917 2769 1042 2826 consilio
1065 2769 1245 2846 perducitur
1278 2775 1314 2826 nt
1345 2767 1454 2825 maiori

274 2885 335 2940 qno
355 2863 422 2923 fieri
446 2871 545 2941 potest
566 2865 707 2925 cautione
729 2885 763 2924 ac
784 2866 949 2943 prudentia
981 2867 1097 2925 veritas
1129 2865 1297 2942 detegatur
1317 2869 1351 2923 et
1386 2870 1453 2923 tum

274 2962 412 3021 oriminis
434 2963 545 3021 notitia
568 2962 675 3022 haberi
707 2969 772 3021 tum
794 2965 847 3039 qui
879 2969 1040 3022 accusatus
1075 2961 1179 3023 fuerat
1214 2965 1361 3021 innocens
1396 2968 1454 3020 sut

276 3079 346 3120 reus
368 3063 506 3136 cognosci
530 3059 634 3138 possit.
836 3061 838 3064 ’

816 3195 893 3256 XII.

357 3335 524 3394 Processus
544 3333 648 3394 confici
670 3340 771 3411 potest
792 3331 831 3392 ab
852 3332 954 3408 aliquo
974 3333 1180 3394 ecclesiastico
1200 3335 1266 3391 viro
1287 3333 1384 3409 probo
1420 3349 1455 3389 ao

273 3437 381 3494 idoneo
402 3437 449 3494 cui
472 3453 556 3512 opem
578 3452 664 3492 snam
684 3431 820 3491 conferet
841 3429 1007 3490 actuarius.

813 3567 909 3628 XIII.

357 3703 395 3761 In
419 3721 608 3778 quacumque
630 3700 724 3762 OurIa
744 3701 848 3760 adesse
870 3699 964 3758 debet
983 3699 1169 3758 Procurator
1189 3697 1303 3758 fiscalis
1324 3701 1366 3758 sd
1404 3700 1455 3760 iu-

272 3800 384 3862 stitiae
405 3798 543 3876 legisque
564 3798 702 3857 tutelam.
756 3810 759 3816 ’

816 3945 908 4005 XIV.

358 4079 389 4140 Si
413 4078 506 4138 Curia
527 4077 674 4138 (iussores
695 4098 753 4137 non
775 4076 888 4136 habeat
909 4095 1010 4135 eornm
1033 4095 1143 4136 munus
1165 4095 1219 4152 pro
1244 4075 1455 4136 intimationi·

276 4183 335 4241 bns
356 4179 487 4256 aliisque
509 4176 787 4256 significationibus
808 4175 946 4254 suppleri
969 4174 1080 4254 poterit
1101 4173 1142 4242 ab
1155 4175 1259 4267 aliqua
1274 4175 1458 4252 qualificata
