3200 4890
317 311 371 368 me

403 437 469 504 Est
491 444 605 508 tamen
627 442 813 510 notandum
836 464 918 528 prae
940 441 1102 510 civilibus
1132 443 1223 528 quod
1250 443 1297 511 iu
1333 443 1480 509 crimina·

312 543 403 612 libus
426 551 461 628 o)
484 545 571 614 duae
593 549 808 636 probationes
830 549 1047 636 semiplenae,
1069 547 1174 616 etiam
1196 549 1226 618 si
1249 572 1322 618 sese
1348 549 1479 616 coniun-

313 661 441 738 gantur
464 654 508 720 ad
529 655 685 722 eumdem
707 657 818 742 finem,
842 657 1004 724 moralem
1028 655 1268 722 certitudinem
1291 679 1365 724 non
1394 679 1480 742 prae·

312 765 415 843 stant;
440 763 470 843 b)
492 761 707 846 probationes
729 762 841 828 factae
864 761 902 828 in
934 761 1061 828 iudicio
1099 761 1205 846 civili,
1244 762 1283 828 in
1317 761 1479 830 criminali

312 866 430 937 valent
452 875 588 936 tantum
610 870 653 936 ad
675 869 928 956 inquirendum
952 877 982 953 c)
1014 869 1247 958 praesumptio
1282 869 1481 956 gravissima

312 997 372 1042 seu
394 976 545 1042 violenta
564 985 600 1044 et
622 976 708 1044 iuris
730 986 765 1044 et
788 978 829 1044 de
852 977 926 1044 iure
949 1001 1017 1044 non
1039 979 1227 1053 excludunt
1242 977 1479 1058 defensionem

311 1086 349 1164 d)
373 1105 439 1150 non
463 1083 658 1150 admittitur
679 1075 906 1152 iuramentum
931 1085 1190 1172 suppletorium
1214 1091 1244 1169 c)
1269 1108 1394 1152 causae
1422 1083 1479 1148 cri·

312 1189 455 1258 minales
477 1191 544 1260 non
567 1200 745 1260 transeunt
767 1193 804 1260 in
826 1216 897 1260 rem
920 1191 1107 1260 iudicatam
1130 1197 1185 1277 (1).

402 1299 497 1378 Quod
520 1300 548 1366 si
571 1299 609 1365 in
631 1300 704 1366 iure
726 1300 1039 1370 reusconvincatur
1056 1302 1110 1385 (2),
1124 1299 1291 1368 sententia
1306 1295 1481 1364 inferenda

311 1412 347 1472 et
369 1427 476 1492 poena
500 1407 685 1493 infligenda
708 1415 759 1474 est
780 1408 847 1474 nisi
872 1407 1105 1492 (infradecem
1125 1407 1209 1491 dies)
1232 1404 1420 1494 appellatio
1435 1404 1480 1468 in-

310 1514 475 1600 terposita
498 1513 544 1580 sit
567 1517 625 1602 (3),
649 1517 705 1582 vel
727 1516 795 1582 alia
818 1516 966 1582 remedia
988 1522 1124 1602 praesta
1147 1515 1226 1582 sint.

401 1641 476 1705 211.
501 1640 681 1707 Sesamos·
707 1642 764 1714 De
790 1660 991 1744 processu·
1011 1641 1247 1714 summario.

401 1744 580 1811 Processus
609 1745 813 1812 summarius
836 1745 895 1812 ille
917 1753 969 1812 ost
991 1744 1028 1810 in
1052 1767 1118 1832 quo
1141 1745 1352 1812 omittuntur
1379 1743 1422 1809 ad
1442 1739 1479 1807 ci-

310 1850 379 1916 tius
403 1851 648 1938 expediendam
685 1875 819 1920 causam
842 1853 956 1938 plures
994 1852 1225 1919 solemnitates
1247 1849 1373 1919 iudicii
1396 1847 1478 1916 ordi-

310 1957 410 2042 narii,
435 1958 576 2024 retentis
599 1959 806 2025 solummodo
828 1982 915 2045 quae
949 1983 969 2025 a
1006 1958 1081 2025 iure
1117 1958 1402 2044 determinantur,
1425 1961 1478 2021 aut

309 2087 353 2129 ex
375 2072 499 2130 natura
521 2087 635 2132 rerum
658 2073 862 2152 reputantur
883 2065 1091 2132 necessariae
1126 2065 1186 2132 ad·
1203 2064 1398 2150 legibimam
1413 2061 1476 2128 litis

309 2171 561 2256 discussionem,
585 2172 607 2238 i.
632 2197 660 2238 e.
684 2173 726 2238 ad
750 2174 1016 2258 cognoscendam
1043 2171 1236 2238 veritatem.

400 2279 521 2346 Modus
544 2279 745 2366 procedendi
781 2279 817 2344 in
851 2279 977 2347 indicio
1014 2277 1198 2346 summario
1236 2279 1477 2348 determinatus

309 2393 363 2450 est
386 2386 637 2454 Constitutione
661 2388 693 2454 S.
718 2387 893 2454 Pontificis
917 2388 1102 2454 Clementis
1125 2385 1158 2454 V
1183 2413 1202 2448 s
1225 2389 1334 2472 Saepe
1360 2385 1475 2453 coutin-

306 2494 357 2578 pit
380 2518 399 2553 ›
424 2495 444 2556 2
467 2493 519 2558 De
547 2493 727 2560 verborum
764 2493 1001 2580 postulatione:
1047 2523 1062 2554 ι
1086 2493 1160 2564 Hac
1200 2492 1238 2560 in
1276 2500 1474 2579 perpetuum

309 2599 459 2664 valitura
482 2600 723 2666 constitutione
736 2603 915 2680 vsancimus
938 2609 978 2667 ut
1001 2593 1114 2684 iudex,
1145 2599 1202 2666 oui
1227 2599 1385 2678 totaliter
1407 2618 1475 2664 cau·

309 2820 436 2868 tum-est
449 2813 597 2885 quaedam
616 2819 734 2867 tortura
753 2811 925 2883 spiritualis
944 2831 970 2882 »;
989 2818 1019 2868 et
1038 2811 1173 2884 explicat
1183 2811 1300 2883 praxim
1321 2809 1472 2868 deferendi

310 2903 514 2958 iuramentum
542 2910 615 2957 tunc
638 2918 826 2957 communem
857 2907 962 2972 utpote
983 2901 1168 2958 conformem
1196 2901 1257 2956 iuri
1282 2901 1473 2958 decretalium

310 3010 375 3063 arg.
395 3009 459 3064 cap.
477 2996 527 3048 Eu
544 2996 600 3049 zita
618 2994 662 3048 Dc
680 2997 791 3048 iuram.
809 2991 838 3046 X
859 2991 913 3062 (ΙΙ,
931 2991 988 3061 m).
1007 2986 1120 3046 Nostia
1139 2997 1241 3049 aetate
1265 2991 1296 3051 in
1316 2992 1431 3047 scholis
1448 2995 1473 3043 et

309 3082 390 3153 apud
409 3081 510 3136 curias
538 3081 645 3137 civiles
665 3099 724 3136 non
746 3080 854 3136 minori
870 3081 1075 3136 detestatione
1095 3081 1315 3136 condemnatur
1328 3097 1404 3136 usus
1423 3087 1474 3132 tor·

308 3179 397 3228 turae
417 3189 506 3244 quam
535 3187 599 3225 mos
630 3170 793 3226 iuramenti
822 3187 874 3224 reo
894 3169 999 3227 delati.
1018 3169 1102 3236 Quae
1122 3169 1201 3225 ratio
1222 3169 1315 3226 etiam
1334 3169 1368 3225 in
1389 3165 1472 3224 curiis

308 3261 383 3318 eccl.
401 3261 492 3316 hodie
511 3261 696 3316 adamussim
716 3259 866 3315 servanda
886 3267 943 3326 est,
963 3259 1134 3330 proscripto
1154 3277 1236 3314 more
1256 3257 1416 3314 deferendi
1434 3255 1471 3310 iu·
1559 3329 1560 3332 Ἴ

307 3351 439 3406 rumenti
459 3369 511 3405 reo
530 3351 562 3412 in
582 3350 684 3404 causis
700 3348 921 3406 criminalibus.
940 3349 1004 3406 Ol'r.
1023 3353 1111 3422 Lapa,
1132 3349 1151 3402 l.
1170 3367 1194 3422 c.
1215 3366 1245 3404 n.
1262 3350 1323 3404 226.
1370 3420 1374 3426 .
1559 3345 1560 3362 ¹

382 3462 419 3527 (l)
439 3459 501 3516 cfr.
521 3463 687 3530 Pelleprini,
707 3477 734 3530 p.
748 3459 774 3526 4,
794 3464 868 3514 sect.
885 3459 912 3524 3,
924 3475 961 3517 r.
979 3458 1024 3526 803
1044 3459 1146 3521 Ιοανάς
1165 3457 1224 3525 ΙΙΙ,
1244 3475 1272 3513 n.
1291 3457 1355 3527 668;
1375 3455 1470 3520 Bacis,

308 3547 347 3602 de
368 3549 424 3604 iun.
442 3568 470 3620 p.
489 3551 542 3606 335
562 3556 633 3604 torn.
652 3549 677 3604 Ι.

381 3659 417 3726 (2)
437 3657 521 3712 Reus
542 3655 698 3711 convictus
718 3656 831 3711 dicitur
851 3656 865 3710 Ι
886 3659 936 3728 qui
958 3655 989 3710 in
1010 3654 1155 3727 flagranti
1170 3651 1469 3726 criminedeprehen·

306 3763 361 3803 eus
382 3755 437 3816 est;
458 3747 488 3800 11
509 3747 596 3801 cuins
621 3747 735 3802 crimen
761 3746 958 3800 manifestum
979 3753 1037 3816 est;
1059 3745 1109 3800 III
1129 3744 1216 3800 cuins
1236 3743 1350 3802 crimen
1372 3742 1468 3798 saltem

306 3855 345 3892 ex
365 3837 542 3891 testimonio
562 3837 689 3892 duorum
708 3836 867 3910 probatum
888 3843 945 3892 est.

379 3944 418 4014 (3)
439 3945 617 4014 Denegatur
645 3937 816 4016 appellatio
831 3963 882 4000 reo
915 3945 945 3999 in
966 3933 1112 4016 flagranti
1133 3941 1467 4032 crimineeeprehensa

307 4031 357 4088 vel
377 4049 443 4086 cum
464 4032 644 4102 rescriptum
671 4053 688 4088 a
707 4033 744 4090 R.
764 4033 799 4090 P.
818 4033 1012 4104 impetratum
1041 4041 1088 4088 est
1108 4031 1340 4087 cnm-clausula
1363 4038 1467 4083 comm

308 4121 515 4196 appellatione
535 4130 651 4177 remota
670 4141 694 4193 ›;
714 4141 772 4196 quo
792 4129 893 4178 tamen
914 4129 944 4178 in
965 4143 1038 4178 casu
1057 4123 1146 4178 datur
1159 4137 1303 4176 recursus
1321 4119 1362 4174 ad
1381 4119 1466 4190 ipsum

306 4213 337 4270 8.
358 4213 548 4270 Pontificem.
568 4213 630 4270 cfr.
648 4217 691 4270 M.
709 4215 860 4278 De·Luce‚
881 4213 900 4269 l.
919 4231 943 4270 c.
963 4231 992 4268 n.
1010 4213 1073 4269 362.
