3266 4896
666 727 820 793 CAPUT
843 727 891 792 Η.

366 889 507 980 Proculus
531 891 675 978 statuum
699 891 790 964 oculu
814 887 950 963 [calesu
974 887 1196 964 cauallitano.

704 1158 814 1202 ARTIO.
838 1158 859 1202 Ι.

722 1281 845 1356 exustus.

284 1455 472 1542 Praecipua
503 1457 590 1522 falsa
612 1465 797 1542 systemata
832 1479 919 1542 quae
942 1480 962 1522 a
988 1478 1069 1521 vera
1092 1455 1266 1521 Ecclesiae
1290 1477 1367 1521 con·

189 1560 371 1630 stitutione
381 1565 594 1647 aberrarunt,
618 1565 661 1629 ad
684 1558 835 1652 quinque
857 1571 1090 1646 numerantur,
1105 1561 1234 1627 scilicet
1256 1568 1290 1644 a)
1313 1585 1368 1648 sy·

191 1679 302 1738 stema
325 1673 476 1738 Marsilii
499 1673 669 1756 Patavini,
694 1675 725 1754 b)
749 1657 1022 1756 Praestandum,
1061 1677 1090 1751 c)
1116 1671 1367 1755 Richcriunum,

193 1783 229 1864 d)
253 1779 507 1864 Febroniauum,
532 1784 560 1862 e)
584 1781 808 1846 Gallicanam.

285 1888 359 1951 134.
384 1887 412 1951 I.
437 1887 615 1952 Marsilias
650 1888 904 1970 Meaundaiuus,
941 1885 1130 1950 Patavinus
1166 1883 1366 1969 appellatus,

188 1989 334 2058 ineunte
356 2017 440 2059 saec.
464 1993 552 2058 XIV
586 1993 878 2082 opportunitatem
909 1999 1030 2057 nactus
1053 1991 1132 2056 belli
1158 1991 1201 2056 ab
1223 1989 1368 2074 impera·

195 2108 268 2167 tore
285 2089 489 2166 Germaniae
501 2083 590 2166 illati
602 2101 764 2166 adversus
777 2101 819 2164 R.
837 2099 1036 2164 Pontificem
1049 2100 1167 2164 Ioann,
1191 2099 1300 2163 XXII
1323 2101 1368 2181 (1)

189 2203 344 2273 errorem
377 2229 477 2272 suum
511 2207 601 2272 circa
635 2205 912 2292 constitutionem
937 2205 1111 2270 Ecclesiae
1135 2203 1369 2291 promulgavit

195 2313 232 2380 in
255 2314 344 2382 libro
368 2317 604 2400 Defcusmium
622 2317 723 2400 pacis
746 2317 791 2399 (2)
815 2336 881 2398 quo
905 2313 1071 2378 asseruit:

286 2425 317 2505 1)
340 2423 514 2490 Summam
548 2417 755 2507 potestatem
786 2445 856 2486 esse
884 2421 922 2484 in
945 2427 1016 2486 toto
1040 2427 1137 2486 coetu
1159 2418 1311 2484 fidelium
1334 2425 1369 2484 et

190 2524 333 2614 quidem
356 2528 431 2594 iure
454 2537 606 2594 naturae.

286 2637 318 2718 2)
341 2635 439 2700 Hanc
462 2642 663 2720 potestatem
687 2635 887 2699 translatam
906 2633 1064 2718 deinceps
1089 2632 1193 2697 fuisse
1216 2631 1254 2696 in
1269 2630 1368 2696 Prin-

190 2743 287 2830 cipes
311 2744 338 2809 si
362 2751 473 2810 essent
495 2743 619 2828 fideles,
643 2751 677 2807 et
700 2743 728 2808 si
751 2741 904 2807 infideles
928 2741 966 2806 in
989 2739 1176 2827 Episcopos
1200 2741 1257 2805 sed
1273 2764 1367 2806 exer-

189 2851 336 2917 cendam
359 2873 436 2915 cum
459 2849 666 2914 subiectione
688 2847 753 2934 ipsi
771 2849 903 2934 populo
926 2855 961 2913 et
984 2846 1143 2934 principi.

285 2960 319 3040 3)
343 2957 482 3022 Nullam
505 2980 575 3022 esse
599 2955 772 3021 Ecclesiae
797 2962 998 3040 potestatem
1027 2953 1225 3021 coactivam.

196 3057 198 3060 ¹
285 3061 459 3129 Marsilius
492 3063 672 3128 damnatus
696 3061 765 3126 fuit
800 3061 842 3126 ab
876 3061 993 3127 Icanu.
1031 3061 1141 3126 XXII
1176 3061 1212 3126 in
1252 3060 1367 3126 Const.

198 3203 217 3230 <t
241 3173 332 3236 Licet
355 3198 373 3232 »
398 3173 441 3235 23
464 3177 527 3236 oct.
559 3173 655 3236 1327.

287 3281 361 3344 135.
386 3277 435 3344 II.
459 3279 633 3344 Secundus
656 3301 750 3343 error
767 3284 818 3342 est
840 3279 1104 3342 Protestuutium
1129 3275 1198 3360 qui,
1224 3275 1369 3340 Marsilii

190 3395 344 3474 systema
379 3387 422 3451 ab
456 3385 556 3452 initio
593 3385 710 3470 secuti,
745 3384 940 3450 innumeras
976 3393 1092 3470 postea
1124 3383 1161 3448 in
1185 3382 1369 3448 sententias

192 3587 238 3644 eit
257 3603 294 3640 ex
314 3582 512 3642 multitudine
532 3581 668 3636 fidelium
695 3581 746 3652 qui
780 3581 817 3634 ad
838 3580 936 3636 officia
958 3579 1081 3651 publica
1100 3578 1202 3634 vocari
1222 3595 1282 3632 uon
1303 3595 1369 3648 pos·

191 3678 247 3734 eit.
267 3677 330 3732 Ofr.
350 3677 451 3742 leand,
472 3691 519 3746 op.
539 3672 589 3728 cit.
610 3672 667 3726 vol.
687 3672 711 3736 I,
731 3689 759 3742 p.
779 3671 802 3736 Ι,
824 3679 898 3725 sect.
917 3671 941 3737 I,
962 3687 987 3723 n.
1004 3671 1048 3725 70.
1167 3717 1170 3723 Δ

269 3767 350 3822 Aliis
369 3782 440 3820 vero
460 3763 575 3835 placuit
594 3761 756 3831 regiminis
776 3759 935 3814 Ecclesiae
957 3759 1085 3813 formam
1105 3757 1259 3828 appellare
1278 3756 1369 3826 plane

190 3856 402 3926 singularem,
432 3853 481 3908 vel
506 3853 598 3906 etiam
620 3851 873 3917 carlamannum,
898 3857 929 3903 et
948 3849 980 3902 hi
1001 3848 1108 3902 dicunt
1128 3865 1187 3900 non
1207 3863 1296 3918 posse
1317 3851 1370 3900 aut

192 3962 256 4000 non
277 3943 387 3998 debere
407 3941 539 3996 subhac
570 3939 688 3997 ratione
709 3939 968 4008 comparationem
989 3953 1056 3990 cum
1079 3934 1213 3989 statibus
1233 3933 1371 4004 politicis

193 4033 329 4089 institui.
350 4031 412 4086 cfr.
432 4033 567 4100 Philups,
588 4029 611 4095 Ι,
631 4027 651 4102 ξ
669 4029 713 4084 30.

266 4143 308 4212 (1)
328 4141 390 4198 cfr.
409 4143 556 4212 Reyuald,
577 4143 657 4194 Anu.
676 4136 814 4194 Rooted
837 4137 914 4203 1327,
936 4153 966 4190 n.
984 4135 1020 4189 27
1041 4142 1073 4190 et
1092 4151 1176 4206 seqq.

267 4250 307 4320 (2)
331 4250 373 4304 De
394 4247 497 4302 indole
531 4255 561 4302 et
580 4245 769 4302 refutatione
789 4244 881 4298 huius
902 4243 1002 4314 operis
1024 4241 1092 4297 vide
1124 4243 1189 4297 Alb.
1224 4241 1374 4310 Piyhium,

192 4339 281 4394 Eccl.
300 4337 396 4406 Hier„
416 4338 436 4392 l.
455 4341 480 4405 5,
500 4355 525 4394 c.
545 4337 559 4390 I
580 4343 610 4392 et
632 4354 715 4407 seqq.
1297 4333 1299 4342 '
