3198 4898
316 321 374 377 848

410 461 439 531 c)
465 445 596 513 ratione
619 445 758 532 formae,
783 453 835 514 est
856 448 1069 512 ordinariam
1091 469 1149 512 seu
1171 450 1317 534 formale
1332 454 1368 512 et
1383 454 1495 512 eastra-

318 553 533 618 ordinariam
556 573 614 617 seu
630 553 862 618 summarium:
886 553 1100 618 ordinariam
1122 551 1151 619 si
1174 559 1357 618 servantur
1379 573 1495 617 omnes

272 705 274 710 -
320 657 406 724 iuris
432 659 570 744 positivi
605 659 888 748 praescriptiones
922 666 956 724 et
995 659 1235 743 solemnitatem
1271 659 1494 725 summarium

317 765 409 852 quod
433 764 586 852 procedit
607 766 649 831 de
672 765 773 851 plano
796 766 869 832 sine
891 766 1038 854 strepitu
1062 774 1097 833 et
1119 767 1229 854 figura
1253 765 1383 850 iudicii,
1425 787 1492 830 ser-

319 872 409 938 vatis
433 873 668 940 tantummodo
690 871 776 940 iuris
797 873 907 940 divini
931 881 965 938 et
988 873 1141 939 iustitiae
1164 872 1337 958 requisitis
1362 876 1422 954 (1).

411 982 447 1062 d)
471 978 602 1044 retiano
625 978 702 1050 finis
725 986 776 1046 est
799 981 894 1046 civile
916 981 972 1045 vel
989 981 1174 1046 criminale.
1191 981 1235 1046 In
1251 979 1379 1065 iudicio
1395 977 1490 1044 civili

316 1079 511 1152 intenditur
545 1084 784 1172 principaliter
816 1085 992 1172 privatum
1032 1086 1244 1152 commodum
1281 1084 1415 1170 sotoris,
1445 1083 1492 1149 ita

319 1200 360 1258 ut
382 1191 446 1257 etsi
470 1197 594 1276 agetur
615 1192 657 1256 de
680 1191 831 1278 crimine,
855 1193 1053 1259 intendatur
1068 1194 1230 1260 damnum
1247 1191 1356 1259 actori
1373 1215 1416 1256 ex
1431 1190 1492 1256 hoc
1586 1255 1587 1290 3

318 1297 462 1364 crimine
486 1297 629 1379 illatum;
654 1305 689 1364 et
711 1298 791 1364 hinc
813 1299 854 1363 de
877 1297 1077 1366 criminibus
1109 1297 1225 1386 agitur
1260 1297 1413 1363 civiliter
1435 1299 1491 1380 (2);
1585 1313 1587 1338 ²

320 1403 358 1469 in
381 1403 547 1470 criminali
572 1403 689 1490 egitur
704 1404 747 1479 ad
773 1405 945 1490 publicam
962 1405 1150 1472 vindictam
1172 1427 1230 1472 seu
1253 1405 1297 1470 ad
1316 1403 1492 1490 publicum

320 1511 445 1600 bonum
470 1513 523 1594 (3).

410 1619 483 1682 181.
508 1617 674 1684 Personae
697 1617 904 1684 necessariae
942 1619 984 1684 ad
1015 1618 1180 1684 iudicium
1215 1616 1490 1684 constituendum

317 1731 409 1789 sunt:
433 1726 546 1809 iudea,
571 1732 664 1790 actor
687 1731 722 1789 et
745 1747 830 1790 reas.

408 1832 516 1896 Iudex
539 1837 589 1896 est
613 1853 754 1916 persona
776 1832 913 1918 publica
937 1855 957 1897 e
979 1831 1133 1918 legitima
1172 1830 1377 1920 auctoritate
1414 1850 1489 1894 con·

316 1938 440 2004 stitute
463 1945 502 2002 ut
525 1937 790 2003 controversiam
812 1939 854 2003 de
877 1939 952 2003 iure
974 1945 1128 2004 exortam
1150 1939 1239 2003 inter
1262 1945 1378 2023 partes
1410 1933 1490 2000 diri-

317 2052 391 2110 met
413 2043 467 2110 vel
490 2045 532 2110 de
555 2043 696 2110 crimine
719 2045 865 2110 admisso
888 2054 922 2111 et
945 2067 1053 2130 poena
1075 2044 1210 2138 crimini
1233 2043 1423 2130 infligenda
1438 2063 1489 2107 co-

317 2159 459 2238 gnoscat
482 2153 541 2234 (4).
566 2151 675 2216 Iudex
697 2159 748 2217 est
770 2153 825 2217 vel
848 2154 1043 2222 ordinarias
1066 2151 1125 2236 qai
1149 2174 1191 2218 ex
1214 2150 1354 2236 proprio
1372 2149 1489 2231 officie,
1586 2215 1587 2226 ,

318 2258 374 2322 vel
397 2260 564 2344 delepatas
586 2255 645 2344 qui
669 2280 710 2322 ex
729 2257 963 2326 commissione
987 2258 1041 2324 vel
1056 2257 1164 2343 ipsius
1178 2255 1264 2322 iuris
1280 2256 1336 2322 vel
1353 2254 1490 2320 alterius

316 2363 474 2446 hominist,
498 2362 640 2448 ideoque
664 2363 805 2429 alterius
828 2363 902 2429 vice
937 2372 971 2429 et
1004 2363 1209 2430 auctoritate
1238 2361 1292 2428 ius
1327 2361 1414 2426 dicit
1436 2365 1489 2446 (5).

390 2557 431 2629 (l)
450 2557 486 2612 In
508 2558 573 2612 iure
593 2558 792 2628 assignantur
814 2575 924 2612 causae
944 2558 1102 2631 inquibus
1120 2557 1284 2613 summarie
1305 2557 1429 2628 procedi
1443 2573 1491 2628 po·

315 2654 378 2702 teet
390 2654 420 2701 et
434 2653 505 2702 sunt
519 2663 628 2702 caueae
642 2654 788 2717 urgentes
802 2655 832 2702 et
846 2647 931 2718 parvi
945 2649 1101 2706 momenti.
1113 2647 1176 2706 ufr.
1189 2667 1231 2706 cc.
1258 2649 1491 2718 Dispeaarosam

314 2738 341 2804 2,
362 2736 407 2790 De
428 2735 553 2790 iudiciis
570 2736 626 2806 (11,
646 2735 674 2804 I)
694 2735 725 2790 in
746 2736 850 2806 Clem.;
870 2740 966 2810 Saepe
983 2743 1133 2810 contiapr't,
1153 2737 1199 2792 De
1212 2735 1375 2792 verborum
1395 2733 1491 2806 signi·

316 2827 460 2882 flectione
480 2827 527 2896 (V,
557 2824 604 2893 11)
622 2825 653 2879 in
675 2825 778 2896 Clem.;
798 2828 860 2883 etl.
880 2826 1103 2902 Nequiquam§
1122 2829 1166 2884 De
1182 2831 1279 2897 plano
1292 2825 1325 2880 ff.
1344 2827 1390 2881 De
1411 2823 1490 2878 offic.

316 2933 454 2988 procons.

388 3023 431 3093 (2)
453 3025 541 3094 Lapa,
559 3023 569 3076 1
599 3040 623 3078 c.
642 3039 670 3076 n.
689 3021 734 3076 49.

389 3129 427 3199 (3)
447 3149 463 3181 a
483 3127 592 3184 Omnia
613 3129 734 3199 iudicia,
766 3131 920 3211 ¹ait-Curd.
939 3132 984 3186 De
1015 3129 1181 3197 Luca‚'(De
1202 3126 1265 3182 iud.
1286 3127 1388 3194 dial,
1410 3145 1438 3182 n.
1466 3130 1490 3193 l)
1583 3187 1584 3192 .

314 3224 369 3272 eut
388 3217 626 3272 dirimendarum
646 3219 932 3290 controversiarum,
952 3224 1006 3274 aut
1024 3218 1245 3290 puniendorum
1271 3215 1491 3271 maleficiorum
1583 3211 1584 3214 ’

312 3324 408 3364 cause
426 3313 600 3376 comparate
621 3315 693 3364 sunt
713 3327 738 3365 2.

388 3396 478 3452 Aliae
510 3396 680 3452 divisiones
713 3397 894 3453 iudiciorum
922 3404 1133 3469 proponuntur
1151 3396 1189 3452 ab
1209 3395 1407 3452 Auctoribus.
1428 3393 1493 3450 cfr.

287 3524 292 3540 ,
314 3489 471 3555 Maronia,
493 3486 648 3556 speculum
668 3504 793 3542 auream
813 3506 840 3560 p.
859 3489 885 3556 43
906 3489 1037 3555 Saaccia,
1058 3488 1157 3542 Trect.
1177 3486 1213 3541 de
1234 3485 1298 3542 iud.
1318 3504 1343 3542 c.
1361 3487 1386 3552 2,
1407 3491 1464 3540 ata

387 3593 425 3660 (4)
445 3596 471 3648 Α
492 3593 719 3665 iudiceparum
738 3594 870 3649 discedit
888 3597 1010 3650 arbiter.
1029 3594 1097 3648 Hoc
1116 3593 1238 3648 nomine
1259 3593 1347 3647 venit
1367 3591 1419 3664 qui
1444 3591 1491 3646 vel

314 3685 518 3739 conventione
537 3686 678 3757 partium,
699 3685 747 3741 vel
767 3685 970 3756 dispositione
990 3685 1072 3756 le'gis
1091 3693 1122 3741 et
1142 3683 1265 3740 decreto
1293 3681 1410 3738 indicis
1424 3698 1491 3737 con·

313 3771 465 3841 stituitur‚
482 3781 514 3828 ut
530 3773 768 3830 controversiam
782 3775 862 3829 inter
875 3781 979 3846 portes
992 3774 1126 3840 dirimat,

389 3863 493 3918 Genus
512 3864 646 3919 iudicum
666 3870 738 3921 sunt
754 3869 857 3922 iurati.
874 3864 918 3918 Hi
938 3871 1009 3920 sunt
1029 3865 1112 3924 cives
1131 3863 1200 3938 lege
1219 3862 1377 3936 designati
1395 3860 1436 3916 td
1449 3860 1492 3914 iu·

312 3955 478 4010 dicendum
511 3954 693 4027 quibusdem
723 3957 834 4025 causis,
855 3973 926 4012 num
947 3956 1045 4028 isqui
1066 3955 1204 4012 criminis
1238 3956 1416 4027 postulatus
1436 3963 1491 4023 est,

313 4061 421 4116 reapse
441 4033 616 4115 deliquerit.
636 4043 751 4101 Nomen
771 4052 818 4105 est
832 4065 850 4100 a
878 4046 1049 4102 iuramento
1060 4046 1141 4120 qnod
1159 4053 1317 4118 praestare
1328 4045 1444 4101 debent
1455 4046 1491 4100 ds

311 4150 439 4188 munere
460 4132 596 4188 fideliter
614 4135 791 4206 exequendo
821 4134 883 4191 cfr.
903 4139 1037 4204 Pisretta,
1058 4155 1087 4192 n.
1105 4137 1149 4192 37.
1169 4137 1272 4192 Tract.
1291 4135 1344 4200 IV,
1369 4137 1431 4193 vol.
1451 4135 1478 4192 1.

387 4241 426 4312 (ὅ)
446 4240 609 4310 Delegatio
628 4239 694 4295 fieri
716 4248 815 4312 potest
835 4243 883 4298 vel
903 4243 941 4297 ad
961 4247 1215 4302 universalitatem
1247 4259 1426 4312 causarum,
1446 4245 1495 4299 vel
