3200 4890
1177 395 1184 410 ι
1282 321 1336 375 431

684 441 812 502 XXIX.

244 579 393 638 Processu
413 577 562 652 absoluto,
583 585 720 638 actorum
751 582 921 638 instructor
953 578 1090 640 eiusdem
1124 579 1335 640 essentialium

162 675 387 736 conclusionum
408 673 584 734 restrictum
605 673 750 734 conficere
771 673 872 734 debet.

697 812 806 870 XXX.

241 947 280 1008 In
301 967 412 1010 causas
433 947 616 1020 tractatione
638 947 806 1023 inquisitus
828 954 929 1025 potest
963 951 990 1008 si
1011 949 1088 1008 velit
1109 955 1334 1028 repraesentari

161 1051 193 1104 et
215 1045 337 1104 delendi
358 1045 423 1104 sive
444 1044 485 1104 ab
505 1044 562 1102 alio
584 1043 745 1104 Sacerdote
767 1047 833 1104 sive
854 1039 881 1103 a¹
894 1044 969 1105 laico
984 1045 1041 1122 ¹'qui
1064 1052 1165 1106 tamen
1188 1049 1273 1125 prius
1295 1049 1334 1108 ab

160 1141 325 1202 Ordinatio
345 1142 535 1221 approbandi
554 1149 655 1201 erunt.

682 1289 810 1348 XXXI.

173 1473 176 1479 .
240 1425 270 1486 Sl
294 1445 365 1485 reus
388 1431 575 1502 praeventus
609 1422 797 1484 defensorem
818 1425 879 1485 sibi
900 1429 1087 1487 constituere
1117 1429 1202 1504 nolit,
1238 1427 1333 1490 Ordi-

158 1524 264 1583 uarius
285 1542 379 1581 unum
400 1543 438 1582 ex
459 1521 556 1601 officio
577 1522 673 1582 eidem
694 1521 867 1600 deputabit.

671 1677 817 1736 XXXII.

240 1816 389 1877 Defensor
410 1821 499 1876 caute
519 1833 557 1874 ex
578 1817 657 1874 actis
679 1817 819 1874 notitiam
841 1815 947 1875 haurit
967 1837 1077 1878 causae
1099 1824 1134 1877 ut
1154 1839 1220 1878 eam
1235 1823 1332 1898 possit

158 1920 241 1978 tueri
263 1915 390 1991 eiusque
421 1911 558 1972 defensio
591 1915 685 1971 etiam
707 1918 779 1971 unte
809 1933 918 1972 causae
951 1915 1183 1993 propositionem
1217 1919 1332 1996 scripto

158 2018 272 2093 poterit
289 2001 440 2074 exhiberi.
463 2010 509 2068 At
529 2010 556 2070 si
578 2008 761 2070 Ordinarius
781 2010 896 2070 iudicet
917 2032 954 2071 ex
975 2031 1085 2073 causae
1107 2021 1331 2077 naturasscre-

157 2120 223 2173 tum
258 2109 423 2170 iuramenti
459 2107 580 2168 vinculo
601 2109 785 2168 servandum
806 2128 873 2168 esse
908 2109 1049 2171 deleusor
1073 2131 1193 2190 quoque
1227 2115 1330 2174 eodem

155 2209 373 2286 obstringitur.

662 2360 826 2421 xxxru.
853 2442 855 2446 Ι

236 2502 401 2560 Processus
421 2503 454 2557 et
475 2499 638 2556 restrictus
659 2497 729 2555 dein
752 2497 790 2556 ud
811 2498 1042 2584 Procuratorem
1063 2497 1200 2560 fiscalem
1223 2507 1328 2563 trans-

156 2601 294 2660 mittitur
315 2606 351 2655 ut
371 2616 407 2655 ea
427 2613 506 2672 quae
527 2595 566 2652 ad
587 2596 686 2671 ipsum
715 2598 871 2670 pertinent
906 2603 1085 2672 exequatur;
1120 2601 1254 2674 itemque
1289 2602 1329 2660 ad

154 2695 351 2756 Ordiuarium
373 2699 478 2772 postea
499 2697 663 2766 utrumque
685 2693 920 2766 transmittitur,
942 2693 995 2769 qui
1020 2713 1130 2754 causae
1152 2703 1238 2755 statu
1274 2719 1324 2776 ap·

155 2801 251 2876 prime
272 2799 439 2874 perspecto,
461 2793 541 2852 diem
562 2793 675 2852 statuit
696 2812 755 2868 quo
775 2792 887 2850 discuti
909 2811 944 2850 ac
966 2792 1067 2854 dirimi
1091 2794 1202 2854 debeat
1222 2795 1328 2856 simul-

154 2913 214 2971 que
234 2894 271 2953 de
293 2893 347 2952 hoc
367 2910 435 2951 eum
457 2893 510 2966 qui
532 2895 694 2948 accusatur
715 2892 872 2948 certiorem
894 2887 997 2949 efficit.

655 3039 814 3100 XXXIV.

235 3197 362 3256 Statuta
382 3193 431 3253 die
452 3211 545 3253 cause
566 3190 746 3268 proponitur
766 3210 864 3250 coram
886 3190 1010 3251 Vicario
1037 3190 1173 3264 generali
1202 3174 1328 3251 adstan-

153 3294 238 3354 tibus
259 3294 459 3353 Procuratore
478 3289 586 3362 fiscali,
606 3288 651 3348 rei
675 3295 800 3365 patrono
820 3294 852 3348 et
874 3286 1071 3349 Cancellario.

668 3437 808 3498 XXXV.

233 3575 361 3633 Auditis
383 3579 448 3631 tum
468 3567 711 3631 conclusionibus
732 3567 887 3628 fiscalibus
909 3575 975 3628 tum
1006 3567 1240 3628 deductionibus
1273 3589 1327 3646 pro

152 3672 336 3746 defensione,
358 3672 513 3730 sententia
547 3665 711 3746 profertur,
746 3667 925 3726 cancellario
960 3665 1174 3744 dispositivam
1207 3673 1326 3744 partem

153 3773 308 3831 scribente
327 3789 366 3828 ex
386 3753 511 3844 dictato,
533 3765 566 3824 in
587 3784 682 3840 eaque
704 3765 815 3824 mentio
836 3783 982 3843 expressa
1003 3763 1069 3824 fieri
1091 3763 1183 3824 debet
1204 3765 1230 3823 si
1255 3783 1326 3824 reus

142 3871 318 3929 damnatur
338 3865 498 3926 canonicae
519 3863 685 3924 sanctionis
706 3883 784 3938 quae
805 3868 910 3922 contra
931 3863 1031 3940 ipsum
1054 3862 1230 3922 adhibetur.

660 4011 818 4079 XXXVI.

233 4157 393 4219 Sententia
416 4161 581 4236 praevento
594 4153 752 4225 indicitur,
772 4155 824 4229 qui
840 4151 1073 4229 appellationem
1085 4151 1125 4211 ed
1139 4151 1325 4214 suneriorem

153 4255 388 4316 ecclesiasticam
410 4247 593 4334 potestatem
613 4251 806 4347 interponere
826 4254 940 4328 potest.
