3198 4898
1283 298 1336 352 361

167 497 171 502 ¹
250 421 411 490 Probatio
433 420 615 507 praecipue
636 419 806 487 dividitur
828 420 865 486 in
882 424 1022 508 plenam
1053 429 1087 489 et
1109 423 1336 508 semiplenam.

159 529 321 611 Probatio
345 528 446 614 plena
469 519 540 594 rem
563 526 757 594 evidentem
779 528 927 594 ostendit
950 538 985 595 et
1008 528 1114 595 iudici
1131 529 1233 594 fidem
1252 527 1338 594 facit

159 637 259 702 iuxta
281 659 383 723 quam
406 635 586 722 procedere
607 635 708 701 debet
723 657 830 722 usque
853 636 896 702 ad
912 637 1125 704 sententiam.
1145 635 1336 722 Semiplena

159 743 310 831 aliquam
334 741 418 809 facit
440 744 551 827 fidem,
573 767 642 810 non
664 742 714 809 ita
738 751 853 810 tamen
876 745 1077 810 concludens
1101 752 1152 812 est
1176 751 1216 808 ut
1232 743 1336 810 iudex

160 851 267 940 possit
290 849 415 917 axilla
438 849 480 941 ad
503 850 708 918 sententiam
731 849 904 918 devenire.

249 960 298 1024 Et
321 957 467 1024 brevius:
491 956 647 1044 probatio
670 958 852 1044 plenarios
875 957 918 1022 ad
950 956 1190 1023 certitudinem
1226 940 1331 1038 ducit}

159 1065 345 1152 semiplena
367 1065 410 1132 ad
432 1063 719 1150 probabilitatem.

168 1215 170 1220 ·
249 1171 603 1238 Animadvertendum
626 1177 740 1236 tamen
774 1171 864 1256 quod
894 1171 981 1237 duae
1015 1170 1221 1258 semiplenae
1259 1191 1335 1258 pro-

161 1277 324 1363 bationes,
347 1277 376 1344 si
409 1277 665 1364 coniunguntur
687 1285 722 1343 et
746 1277 788 1343 ad
824 1299 931 1344 unum
971 1277 1195 1363 eumdemque
1233 1275 1335 1342 finem

157 1385 310 1470 tendant,
334 1385 535 1470 quandoque
558 1384 640 1450 dare
662 1382 804 1470 possunt
828 1385 990 1450 moralem
1013 1382 1268 1468 certitudinem,
1294 1404 1333 1449 ac

159 1491 300 1580 proinde
323 1490 537 1577 aequiparari
562 1491 754 1577 probationi
779 1491 907 1577 plenae.
934 1491 1027 1556 Onus
1051 1489 1218 1576 probandi
1237 1483 1334 1575 regu-

158 1597 278 1664 lariter
311 1597 480 1677 incumbit
501 1597 617 1682 actori,
652 1619 758 1682 eoque
782 1620 850 1664 non
886 1598 1058 1683 probante,
1086 1619 1162 1663 reus
1188 1596 1351 1682 absolvi-¹

159 1712 228 1788 tur;
252 1706 309 1771 sed
332 1704 436 1771 etiam
459 1727 526 1789 reo,
549 1704 578 1770 si
600 1704 760 1790 excipiat.

169 1878 172 1886 ,
248 1812 408 1878 Probatio
430 1812 530 1898 plena
545 1811 733 1897 requiritur
747 1811 784 1878 in
800 1811 910 1878 causis
927 1810 1161 1877 criminalibus
1181 1818 1216 1878 et
1230 1811 1334 1876 etiam

158 1916 196 1982 in
219 1916 378 1984 civilibus
402 1942 487 2005 quae
510 1917 649 1985 suntin
673 1917 922 2004 praeiudicium
946 1917 1088 1989 alterius
1112 1921 1171 2002 (1).

170 2089 172 2096 ,
246 2024 373 2090 Fontes
393 2024 596 2111 praecipuae
618 2023 827 2110 probationis
849 2031 939 2090 sunt:
962 2027 1133 2112 confessio,
1158 2033 1261 2110 testea,
1287 2027 1335 2091 ia·

156 2137 352 2215 etraaaeata,
372 2132 671 2215 praesumptiones,
696 2132 897 2197 iuramenta.

170 2256 174 2262 ·
246 2238 290 2318 In
313 2259 477 2304 concursu
500 2246 615 2304 autem
638 2238 878 2324 probationum
900 2239 964 2304 hae
987 2240 1125 2325 regulae
1142 2239 1330 2324 sequendae

157 2353 248 2412 sunt:
867 2407 871 2416 .

166 2487 170 2496 .
248 2453 276 2518 I.
302 2452 338 2519 Si
361 2451 576 2538 probationes
598 2454 689 2520 inter
711 2477 746 2519 se
770 2453 943 2520 conciliari
978 2451 1118 2539 possint,
1156 2452 1357 2518 conciliari·

156 2560 282 2626 debent
305 2567 446 2646 propter
468 2561 589 2626 bonam
612 2561 714 2626 fidem
737 2559 962 2646 litigantium.

246 2667 295 2733 ΙΙ.
321 2665 357 2732 si
392 2688 472 2733 vero
505 2666 695 2732 contrariae
734 2667 813 2752 sint,
837 2674 920 2732 tunc
959 2667 1014 2732 vel
1044 2665 1239 2750 inaequales
1277 2667 1331 2732 vel

156 2775 314 2859 aequales
336 2782 440 2856 sunt;·
463 2773 491 2839 si
514 2776 706 2860 inaequales
727 2774 951 2860 praeferenda
974 2773 1095 2859 potior;
1121 2772 1148 2838 si
1176 2776 1335 2860 aequales

158 2887 276 2946 mutuo
315 2880 449 2946 collisae
483 2881 668 2947 censendae
692 2888 773 2946 sunt
810 2884 869 2965 (2),
894 2879 960 2946 nisi
995 2887 1120 2966 agatur
1142 2881 1184 2946 de
1222 2881 1331 2948 causis

154 2987 386 3074 privilegiatis
408 2987 532 3074 quibus
554 2987 740 3054 favendum
764 2995 815 3053 est
838 2997 849 3071 (
875 2993 894 3070 ).

249 3095 324 3160 195.
350 3092 560 3163 Confessio
585 3102 636 3160 est
655 3097 739 3182 facti
760 3096 821 3160 eibi
843 3096 974 3161 adamat
988 3096 1035 3178 (4)
1058 3097 1275 3182 manifestatio
1290 3097 1330 3160 ab

156 3200 227 3288 ipen
249 3223 303 3267 reo
323 3204 415 3289 facto
438 3205 494 3286 (ὃ).
1389 3221 1390 3224 ’

166 3373 171 3470 [
228 3395 269 3467 (1)
289 3399 390 3463 reare,
409 3395 468 3464 111,
488 3416 517 3454 n.
535 3399 597 3464 cia
615 3400 705 3466 aseer,
726 3398 814 3452 nera
833 3415 936 3470 prove.

227 3486 266 3554 (2)
285 3490 327 3540 At
345 3485 437 3540 etiam
457 3486 488 3541 in
509 3503 582 3542 casn
606 3485 781 3558 aequalium
801 3486 1016 3558 probationum
1035 3486 1265 3556 contrariarum,
1285 3489 1327 3540 lo·

157 3591 224 3628 cum
243 3573 336 3629 habet
356 3575 538 3646 principium
562 3597 573 3623 ε
593 3573 659 3630 Rao
679 3593 785 3646 nempe
805 3574 970 3631 favendum
989 3595 1015 3632 ».
1034 3573 1096 3629 cfr.
1116 3576 1211 3642 Santi,
1227 3575 1267 3644 Il,
1281 3575 1331 3633 tit.

155 3653 229 3717 xm
249 3681 277 3718 n.
295 3666 331 3719 24
350 3669 443 3738 seqq.;
463 3667 637 3733 Lambardi,
659 3665 715 3733 ΙΙΙ,
736 3683 805 3736 pag.
823 3667 887 3722 210.

228 3755 267 3824 (3)
288 3756 405 3812 Causae
434 3757 650 3828 privilegiatae
675 3763 747 3812 eunt
772 3775 799 3813 v.
818 3775 863 3826 gr.
882 3773 959 3828 quae
979 3761 1141 3811 vereantur
1160 3755 1241 3810 circa
1261 3756 1328 3811 vin·

155 3846 257 3901 culum
276 3847 415 3916 matrim,
446 3849 533 3904 circa·
556 3847 731 3903 libertatem
751 3854 811 3904 etc.
833 3846 896 3903 cb.
927 3865 992 3918 cap.
1010 3847 1028 3901 3
1047 3845 1076 3903 h.
1095 3852 1118 3903 t.
1137 3854 1168 3901 et
1187 3865 1251 3918 cap.
1273 3847 1329 3904 ult.

155 3937 200 3992 De
216 3941 290 3993 seat.
308 3943 339 3992 et
357 3954 390 3992 re
406 3941 497 3995 indic.

226 4026 263 4092 (4)
283 4026 445 4082 Confessio
464 4027 587 4082 omnino
606 4026 760 4082 contraria
789 4025 955 4082 intentioni
975 4026 1144 4082 adversarii
1165 4033 1195 4081 et
1215 4025 1326 4082 exinde

154 4113 336 4170 favorabilis
356 4113 523 4183 confitenti,
549 4114 628 4169 nihil
648 4114 738 4182 valet,
758 4115 812 4170 aad
832 4115 946 4170 factum
966 4113 1116 4170 assertum
1136 4114 1257 4186 probari
1279 4116 1328 4171 de·

155 4202 216 4260 bet.
236 4207 324 4274 Lapa,
344 4203 365 4260 1.
383 4221 456 4260 an.
473 4203 536 4260 451.
654 4249 657 4257 .
693 4263 695 4268 ,
1116 4257 1118 4262 .

225 4292 267 4362 (5)
287 4293 361 4349 Cum
382 4293 420 4348 ad
439 4293 610 4365 simplicem
629 4293 742 4349 actoris
761 4293 951 4365 petitionem,
965 4293 1031 4349 sive
1045 4293 1090 4349 rei
1105 4293 1329 4367 exceptionem,
