3234 4902
1299 319 1339 374 75

158 444 213 505 tat.
236 446 317 505 Nam
338 445 446 504 eadem
468 444 568 504 officia
592 465 671 520 quae
703 446 866 504 individuo
887 445 1081 522 incumbunt,
1112 450 1237 504 servata
1263 464 1333 520 pro·

157 547 306 620 portione,
329 543 470 619 obligant
491 551 523 601 et
545 542 670 602 Statum
691 545 744 617 qui
766 543 805 601 ab
835 545 881 601 eis
902 543 1116 618 distinguitur·
1131 547 1240 629 utpote
1262 561 1336 620 per·

158 661 231 700 sona
252 641 379 700 moralis
401 661 419 700 a
440 659 572 718 persona
593 641 722 717 phisica.

661 903 771 946 ARTIO.
788 903 833 945 .11.

409 1044 440 1106 lle
460 1045 571 1106 touton
590 1059 642 1140 eun
661 1045 776 1106 scolene
792 1042 922 1104 aerltolu
942 1047 966 1104 ot
985 1043 1082 1106 lrtlell.

714 1222 786 1302 er.

612 1371 682 1418 Cum
701 1368 870 1418 acatholica.

244 1547 298 1608 83.
324 1543 510 1629 Inprimis
545 1551 676 1609 certum
704 1552 755 1609 est
785 1543 989 1610 acatholicos
1013 1543 1097 1626 (sive
1133 1545 1341 1630 haereticos.

157 1650 228 1716 sive
252 1649 495 1730 schismaticos)
524 1671 589 1733 per
619 1671 652 1714 se
686 1649 854 1734 obstringi
878 1649 1011 1735 legibus
1036 1649 1219 1734 Ecclesiae,
1250 1649 1333 1734 quia

157 1758 321 1844 perdurat
347 1755 384 1820 in
411 1755 459 1821 eis
474 1755 737 1821 fundamentum
759 1758 848 1841 quod
864 1764 915 1822 est
945 1757 1121 1822 character
1149 1757 1331 1844 baptisma-

156 1865 200 1930 tis
213 1869 270 1948 (1);
284 1874 318 1930 et
331 1863 522 1929 Ecclesiam
534 1863 658 1929 habere
674 1863 711 1928 in
726 1885 782 1930 eos
797 1863 910 1928 omnia
923 1864 999 1928 iura
1015 1887 1086 1948 sua,
1106 1887 1186 1929 nam
1203 1864 1334 1929 crimen

157 1971 349 2040 rebellionis
383 1995 451 2038 non
474 1971 598 2036 liberat
620 1972 663 2036 ab
687 1969 854 2037 oneribus.
878 1971 927 2036 Et
950 1971 1042 2037 facto
1065 1971 1117 2036 ius
1154 1995 1253 2036 suum
1276 1972 1333 2037 de-

158 2079 362 2146 monstravit
384 2077 556 2164 puniendo
579 2077 766 2144 haereticos
788 2086 828 2142 ut
850 2086 946 2164 patet
969 2084 1004 2160 c)
1040 2103 1081 2144 ex
1100 2077 1278 2144 sententiis
1299 2087 1344 2144 et-

157 2187 290 2272 legibus
313 2185 558 2271 imperatorum
576 2188 623 2268 (2)
658 2208 783 2272 poenas
798 2185 985 2251 haereticos
1001 2185 1229 2251 statuentibus
1249 2207 1343 2270 quas-

156 2293 310 2358 Ecclesia
336 2292 550 2378 approbavit;
575 2296 607 2374 h)
631 2315 674 2358 ex
695 2291 779 2378 ipsis
803 2293 936 2377 legibus
953 2293 1126 2358 Ecclesiae
1152 2296 1207 2378 (3),
1233 2297 1264 2374 c)
1290 2317 1332 2359 ex

157 2399 362 2466 testimoniis
385 2400 528 2464 Petrum
553 2401 611 2482 (4);
637 2401 673 2480 d)
698 2423 741 2482 en
762 2398 836 2486 ipsa
859 2399 990 2464 ratione
1022 2422 1088 2484 qua
1111 2399 1344 2486 probavimus·

158 2513 349 2592 competere
374 2505 547 2570 Ecclesiae
572 2513 774 2592 potestatem
798 2505 998 2571 coactivam.

247 2613 405 2678 Diximus
424 2635 489 2697 per·
510 2634 553 2696 ee,
579 2635 659 2678 nam
681 2613 797 2678 adesse
819 2621 960 2698 possunt
982 2612 1164 2697 aliquando
1189 2612 1333 2678 circum·

157 2720 314 2804 stantiae,
338 2726 378 2786 ut
401 2719 484 2784 bene
507 2726 605 2784 notat
627 2719 668 2784 cl.
694 2719 858 2804 Tarquini
881 2719 913 2784 h.
926 2720 957 2804 l.,
983 2720 1106 2806 quibus
1131 2719 1334 2786 exercitium

157 2825 405 2893 ecclesiasticae
428 2825 674 2891 iurisdictionis
707 2825 744 2890 in
766 2825 954 2892 haereticos
991 2809 1036 2891 sit
1072 2827 1108 2892 in
1130 2827 1332 2892 destructio-

156 2957 236 3000 nem
259 2941 293 2998 et
313 2956 381 3002 nou
404 2933 441 2998 in
464 2933 743 3017 aedificationem,
782 2930 832 2997 ita
861 2939 901 2996 ut
924 2932 1126 3017 gravissima
1143 2933 1265 3019 gignat
1281 2933 1333 2998 in-

158 3041 331 3106 commoda
356 3043 411 3121 (5).
437 3039 485 3103 Et
509 3039 682 3104 Ecclesiae
713 3039 829 3126 praxis
852 3039 914 3104 hcc
938 3042 1125 3124 oonfirmat;
1149 3039 1333 3105 hodiedum

228 3239 266 3303 (1)
285 3235 334 3292 Ad
354 3253 416 3290 rem
437 3237 557 3306 suarez,
579 3235 631 3290 lib.
656 3235 703 3300 lV,
724 3254 749 3290 c.
770 3237 811 3302 19,
832 3253 861 3290 n.
882 3237 937 3290 12:
958 3256 974 3289 α
994 3235 1072 3290 Vere
1099 3235 1232 3290 subiecti
1261 3243 1333 3290 sunt

156 3325 327 3391 (haeretici)
356 3323 586 3378 ecclesiasticae
622 3325 841 3394 iurisdictioni,
871 3343 940 3378 nam
971 3324 1106 3379 retinent
1126 3325 1339 3381 characterem·-

158 3414 387 3486 baptisimalem
421 3413 499 3485 quod
520 3421 565 3468 est
587 3413 819 3469 fundamentum
838 3415 1053 3471 subiectionis.
1074 3415 1113 3469 Et
1133 3415 1208 3472 licet
1228 3431 1333 3467 secun-

158 3505 230 3558 dum
249 3511 442 3574 praesentem
457 3509 570 3556 etatum
586 3521 645 3556 non
662 3503 725 3556 sint
739 3502 878 3556 absolute
893 3503 1036 3564 membra,
1050 3510 1152 3557 tamen
1168 3502 1342 3573 aliquando·

156 3591 284 3648 fuerunt
303 3591 446 3657 membra,
479 3599 508 3646 et
536 3600 642 3646 contra
669 3593 716 3645 ius
737 3592 895 3646 Ecclesiae
915 3592 1099 3663 acquisitum
1137 3592 1336 3663 deliquerunt

157 3699 191 3738 se
207 3683 245 3736 ab
265 3681 320 3736 illa
344 3681 513 3752 separando
533 3701 558 3737 ».

127 3825 129 3828 -
229 3793 268 3862 (2)
290 3789 321 3844 Ο.
342 3789 387 3844 De
407 3789 580 3856 haereticis,
602 3789 627 3844 I.
645 3791 882 3856 Manichaeos...;
901 3791 936 3845 L.
951 3794 1066 3859 Ariani;
1087 3792 1120 3844 L,
1142 3792 1333 3862 Quicumque.

230 3898 313 3970 (3)]O.
322 3901 369 3955 Ad
376 3869 564 3964 abolendum,
577 3905 607 3952 et
618 3901 961 3964 cEaecomunicauimus,
974 3899 1097 3954 Extrav.
1110 3899 1145 3953 de
1158 3899 1335 3954 haereticis.

217 4003 266 4072 ’(4)
286 4007 408 4060 Hieron.
429 4005 542 4071 Corum.
561 4004 598 4058 ad
620 4002 720 4059 Galae.
739 4021 764 4056 c.
784 4005 809 4058 5.
824 4033 857 4042 —
874 4003 937 4059 Ofr.
956 4008 1110 4072 Bellarm„
1129 4007 1171 4060 De
1186 4006 1341 4062 membris>

155 4095 249 4160 Eccl,
270 4095 289 4150 l.
308 4095 334 4156 3.
355 4111 379 4148 c.
398 4095 442 4150 21.

229 4205 267 4268 (ὅ)
289 4203 468 4272 Exemplum
488 4201 613 4272 aliquod
634 4201 695 4270 legi
716 4207 816 4270 potest
827 4201 907 4270 apud
921 4205 990 4258 Bon.
1003 4204 1052 4256 XI
1056 4205 1090 4273 V,
1111 4203 1215 4257 Const.
1231 4183 1251 4256 ¹«
1268 4203 1342 4258 Sin--

156 4295 261 4361 9ularr'
280 4309 296 4341 »
316 4293 332 4346 9
352 4291 424 4350 Feb.
445 4291 523 4346 1749.
