3198 4898
306 493 459 580 prestita,
481 495 595 580 alique
618 494 757 582 praedia
779 495 922 562 fruenda
945 495 1322 582 concedebanturquae
1359 504 1477 582 postea

204 671 207 678 Α
307 601 466 668 beneficia
488 601 580 668 diota
604 610 684 668 sunt
706 603 763 685 (1).

222 725 223 728 ’
320 743 323 748 -
394 707 436 773 In
459 707 612 778 Ecclesia
635 709 744 774 solum
766 707 905 774 ineunte
942 710 1073 774 saeculo
1100 718 1194 798 sexto
1232 709 1473 776 beneficiorum

305 813 497 880 rudimenta
518 815 727 902 prodierunt,
751 817 885 901 quando
907 815 1036 881 scilicet
1059 815 1150 882 facta
1164 815 1349 902 partitione
1366 817 1468 882 bono-

305 944 381 988 r-um
403 922 483 987 eccl.
506 921 666 1008 Episcopi
682 922 854 1008 praediola
877 923 1042 1007 quaedam
1057 922 1094 988 in
1110 923 1327 989 usufructum
1344 924 1474 988 dabant

304 1028 433 1096 clericis
455 1029 514 1114 qui
537 1028 639 1095 alicui
654 1031 811 1096 ecclesiae
826 1029 1095 1096 destinabantur.
1111 1031 1204 1097 Haec
1220 1030 1360 1116 praedia
1392 1053 1478 1116 quae

305 1145 381 1222 post
402 1135 551 1222 ipsorum
574 1135 705 1202 obitum
720 1137 762 1202 ad
779 1137 986 1224 Episcopum
1009 1137 1275 1221 revertebantur,
1302 1136 1472 1222 paulatim

303 1251 340 1309 et
362 1242 467 1308 veluti
490 1266 551 1328 per
572 1244 698 1328 gradus
720 1243 758 1308 in
781 1243 899 1309 titulos
923 1243 1009 1328 erigi
1032 1250 1067 1308 et
1089 1242 1472 1330 officiisspiritualibus

304 1360 466 1438 perpetuo
488 1349 619 1417 adnecti
645 1358 827 1438 coeperunt
851 1352 909 1433 (2).
935 1349 1007 1416 Tali
1029 1351 1128 1417 modo
1151 1351 1319 1437 originem
1348 1349 1472 1418 habuit

308 1457 504 1524 beneficium
527 1461 571 1542 (3)
608 1459 698 1543 quod
721 1465 899 1544 propterea
937 1457 1108 1523 definitur:
1134 1485 1152 1520 ‹
1176 1460 1237 1522 les
1273 1467 1475 1543 perpetuum

290 1607 292 1612 -
300 1566 510 1650 percipiendi
532 1567 730 1651 fructeseae
753 1565 844 1628 bonis
866 1565 1027 1648 ecciesiae,
1046 1585 1210 1648 personae
1232 1566 1308 1628 ecel.
1346 1585 1475 1648 eornpe·

304 1680 375 1737 tens
384 1680 526 1757 propter
540 1672 684 1758 officiam
706 1671 885 1754 spirituale
900 1671 1098 1735 auctoritate
1112 1673 1187 1736 ecci.
1204 1672 1436 1736 constitutum.
1454 1697 1471 1730 »

393 1778 530 1843 Dicitur
552 1783 587 1857 a)
610 1779 664 1842 ius
683 1783 892 1862 perpetuum,
917 1775 998 1860 quia
1024 1777 1224 1842 beneficium
1247 1777 1350 1843 datur
1375 1800 1475 1863 prop-

302 1894 357 1951 ter
390 1884 539 1950 officium
574 1884 620 1966 (4)
643 1883 732 1967 quod
755 1887 958 1967 perpetuum
981 1890 1040 1966 est,
1077 1905 1156 1950 nem
1177 1871 1341 1976 innititur
1386 1883 1474 1949 ordi-

305 1991 440 2057 natione
462 2013 557 2056 sacra
579 2013 664 2076 quae
686 1989 723 2054 iu
745 1996 948 2076 perpetuum
970 1989 1145 2055 confertur
1168 1994 1222 2074 (5).

280 2198 281 2202 ’
375 2187 412 2250 (1)
433 2183 467 2240 Id
486 2183 523 2237 ab
553 2183 619 2254 ipso
649 2183 821 2236 Alexandro
855 2185 965 2239 Severo
991 2145 1114 2240 factum·
1135 2185 1231 2240 fuisse
1252 2193 1393 2240 narrant.
1415 2185 1473 2240 cfr.

305 2274 400 2340 Sonti,
419 2272 477 2338 111,
497 2272 544 2325 tit.
565 2272 596 2338 V,
622 2290 649 2326 n.
669 2273 696 2325 2.

376 2379 415 2448 (2)
435 2377 497 2434 Ofr.
516 2381 651 2440 Remuli,
672 2379 724 2432 Ius
744 2379 918 2446 secl-univ.
938 2378 1019 2434 Dies.
1038 2381 1174 2450 praelim.
1193 2380 1293 2435 Tract.
1313 2383 1356 2435 De
1384 2382 1473 2436 bene·

305 2468 393 2538 ficiis;
415 2471 576 2536 Veeolriotti,
601 2487 647 2538 op.
667 2469 719 2522 cit.
738 2468 778 2536 ΙΙ,
800 2486 823 2522 c.
843 2469 886 2538 ll,
908 2471 955 2524 Du
976 2471 1085 2540 Genpe,
1109 2469 1300 2524 Glossarium
1327 2489 1353 2526 v.
1382 2475 1472 2526 Bene-

302 2553 413 2628 ficium.
773 2557 775 2563 ’
1015 2629 1016 2636 ¹

376 2667 416 2734 (3)
435 2666 471 2720 ln
503 2683 597 2735 regno
626 2667 690 2721 ital.
709 2668 809 2738 quoad
834 2665 983 2720 beneficia
1003 2667 1127 2720 consule
1154 2668 1215 2737 leg.
1236 2668 1268 2721 15
1294 2669 1375 2737 Aug.
1405 2667 1471 2722 1861

301 2761 381 2812 seito
400 2759 596 2827 liquidozione
617 2755 761 2812 detl'asse
780 2760 856 2820 eccm
876 2755 947 2810 item
968 2759 1028 2826 leg.
1048 2755 1080 2810 Is
1101 2755 1170 2810 Iun.
1192 2757 1280 2812 1871.

305 2927 319 2934 .,
374 2863 638 2934 (4)Bonif.,V111,
658 2882 683 2918 e.
701 2863 768 2932 XV;
788 2863 870 2917 Trid.
889 2881 964 2917 sess.
983 2862 1061 2916 XXI
1081 2880 1105 2918 o.
1124 2863 1182 2930 111,
1203 2863 1240 2916 de
1260 2862 1315 2918 ref.

375 2954 411 3007 In
432 2952 588 3022 beneficio,
607 2953 651 3008 ait
677 2954 811 3018 Garoias,
839 2951 951 3024 (Tract.
971 2951 1008 3006 de
1029 2951 1129 3007 benef.
1147 2953 1220 3006 ecel.
1239 2969 1263 3006 c.
1283 2953 1325 3018 ΙΙ)
1347 2952 1409 3006 tria
1428 2952 1468 3006 di·

303 3044 421 3114 stingui
441 3052 576 3114 possunt.
599 3043 734 3098 Primum
754 3042 910 3112 estipsum
931 3040 1061 3095 officium
1081 3059 1134 3095 seu
1153 3041 1305 3114 obligatio
1325 3041 1363 3095 ad
1384 3041 1467 3103 illud,
1562 3042 1563 3045 ’

303 3141 335 3186 ει
352 3133 409 3187 hoc
429 3139 474 3186 est
494 3132 616 3186 omnino
628 3133 796 3203 spirituale,
817 3150 876 3186 non
896 3141 996 3185 tamen
1018 3143 1065 3185 εει
1084 3129 1265 3185 beneficium
1284 3132 1340 3185 sed
1363 3131 1466 3185 funda·
1562 3182 1563 3189 ,

305 3231 436 3278 mentum
468 3231 497 3278 et
526 3240 617 3277 causa
645 3222 795 3290 beneficii;
826 3224 991 3277 seeundum
1020 3230 1067 3276 est
1086 3221 1134 3274 ius
1155 3220 1343 3292 percipiendi
1364 3227 1464 3275 certos
1562 3242 1563 3271 1

303 3297 419 3366 reditus
440 3329 477 3366 ex
497 3303 585 3365 bonis
605 3311 677 3366 eccl.
695 3320 727 3366 ει
746 3311 802 3364 hoe
822 3309 869 3364 ius
890 3319 936 3364 est
950 3311 1103 3380 proprium
1124 3307 1304 3362 beneficium
1319 3309 1464 3362 naseitur-

302 3420 360 3473 que
385 3421 422 3456 ex
442 3399 540 3455 officio
570 3409 723 3472 tamquam
751 3419 787 3455 ex
808 3399 863 3454 sua
882 3417 982 3466 causa,
1003 3410 1033 3454 et
1053 3409 1100 3454 est
1118 3399 1191 3470 quid
1210 3399 1372 3469 spirituale
1397 3399 1465 3470 quia

301 3492 399 3545 oritur
417 3508 454 3545 ex
473 3509 505 3546 re
525 3489 679 3561 spirituali
699 3508 806 3562 nempe
834 3490 932 3545 officio
952 3490 983 3544 in
1004 3507 1062 3561 quo
1082 3487 1227 3543 fundatur
1256 3497 1286 3544 ει
1315 3488 1365 3542 cui
1387 3487 1464 3542 inse·

303 3581 481 3651 parabiliter
499 3589 546 3634 est
565 3579 724 3648 adnexum;
743 3579 868 3634 tertium
887 3593 958 3634 sunt
978 3579 1037 3651 ipsi
1057 3578 1189 3635 fructae.

345 3699 346 3702 ’
373 3689 412 3756 (ὁ)
434 3688 626 3760 Perpetuitas
643 3687 783 3750 beneficii
799 3689 910 3759 duplex
921 3697 975 3756 est,
987 3688 1107 3744 seilicet
1125 3692 1264 3744 obieetieo
1277 3704 1333 3742 seu
1346 3686 1461 3742 ratione

304 3775 452 3845 beneficii,
477 3789 626 3848 quatenus
656 3778 748 3832 semel
778 3777 977 3832 constitutum
996 3795 1114 3850 semper
1133 3787 1290 3849 permanet
1309 3777 1381 3832 lieet
1400 3788 1461 3840 sue'·

301 3866 439 3920 cessione
460 3885 477 3919 a
494 3866 634 3937 pluribus
653 3866 854 3937 possideatur,
874 3865 998 3921 ethaeo
1018 3867 1204 3937 perpetuitas
1225 3873 1272 3920 est
1287 3864 1459 3921 essentialis

301 3956 459 4026 benefici0;
477 3965 508 4011 et
525 3959 683 4013 subiectieo
703 3975 757 4012 seu
776 3957 894 4012 ratione
915 3957 1101 4024 beneficiati,
1120 3958 1192 4028 quic
1207 3955 1387 4011 beneficium
1404 3971 1456 4020 nou

300 4046 454 4102 confertur
474 4045 512 4100 ad
531 4052 650 4116 tempus
669 4047 723 4102 sed
743 4047 780 4101 cd
800 4047 893 4102 vitam
912 4047 1015 4102 clerici
1030 4047 1167 4118 quemvis
1178 4063 1215 4102 ex
1229 4047 1315 4116 gravi
1338 4055 1368 4100 et
1382 4047 1459 4099 iuste

301 4153 393 4190 causa
423 4135 552 4190 clericus
582 4135 695 4207 privari
725 4136 831 4208 possit.
858 4137 1014 4192 Beneficia
1042 4145 1143 4192 autem
1166 4155 1243 4208 quae
1264 4137 1457 4192 conferuntur

298 4225 422 4297 quidem
440 4224 471 4279 in
492 4224 615 4280 titulum
635 4225 689 4280 sed
707 4226 746 4280 ed
763 4233 871 4279 nutum
887 4225 1054 4297 superioris
1065 4227 1112 4282 vel
1128 4227 1245 4298 patroni
1257 4227 1385 4298 ideoque
1399 4241 1456 4280 ma·
