3200 4890
1194 359 1206 413 f
1249 355 1299 422 ni

136 491 297 565 quamdam
322 491 498 550 adsciscent
518 490 556 550 de
577 493 639 548 iam
660 491 848 568 approbatis,
870 509 947 566 quae
968 493 1100 550 actionis
1121 481 1301 564 institutum

136 586 321 665 profiteatur
355 587 508 648 adsimile.
542 623 581 634 --
603 589 715 648 Nullae
743 587 820 666 fere,
841 591 873 648 ni
896 587 977 648 forte
1000 591 1032 647 in
1054 593 1234 664 Missionum
1254 609 1302 648 re-

134 688 289 762 gionibus,
313 687 484 763 probentur
518 686 709 764 sodalitates
731 706 818 764 quae,
848 702 932 746 certo
953 691 1136 764 proprioque
1157 687 1224 756 fine,
1240 707 1301 746 non

133 788 332 862 praestituto,
355 787 483 859 quaevis
515 787 660 843 universe
682 787 810 860 pietatis
831 803 866 842 ac
900 783 1122 845 beneficentiae
1144 803 1246 863 opera,
1266 806 1302 844 e-

135 885 242 942 tiamsi
266 887 391 960 penitus
412 887 496 942 inter
517 903 549 942 se
564 883 730 960 disiuncta,
745 882 916 942 exercenda
938 883 1174 960 amplectantur.
1254 891 1257 896 '

218 981 363 1058 Episcopi
385 979 581 1040 sodalitatem
602 981 690 1039 condi
713 980 808 1038 ullam
829 999 868 1038 ne
900 982 1042 1058 siverint,
1063 1000 1140 1056 quae
1171 981 1300 1050 redditi-

143 1079 200 1137 bus
222 1085 327 1138 careat
361 1080 400 1138 ad
422 1079 573 1138 sodalium
607 1083 725 1138 victum
746 1081 940 1138 necessariis.
972 1114 1011 1122 -
1033 1079 1193 1158 Sodalitia,
1223 1099 1302 1155 quae

135 1179 221 1252 stipe
243 1178 398 1236 collaticia
431 1181 552 1256 vivant,
573 1181 648 1237 item
684 1177 849 1236 muliebres
871 1175 1017 1252 familias,
1052 1196 1129 1252 quae
1156 1181 1302 1254 aegrotis,

139 1274 220 1332 domi
244 1278 390 1353 ipsorum,
411 1276 550 1334 interdiu
571 1283 722 1350 noctuque
757 1274 873 1352 adsint,
895 1277 1083 1350 cautissime,
1110 1278 1184 1350 quin
1206 1278 1300 1335 etiam

139 1371 307 1432 difficulter
328 1373 536 1450 comprobent
558 1408 597 1416 —
619 1373 651 1431 Si
674 1391 751 1447 quae
772 1379 876 1430 autem
897 1392 976 1430 nova
997 1371 1181 1433 feminarum
1214 1373 1300 1432 soda-

133 1471 209 1530 litas
244 1491 279 1529 eo
304 1477 481 1546 spectetut
513 1474 578 1530 suis
599 1475 632 1529 in
667 1470 796 1530 aedibus
816 1469 1046 1528 valetudinaria
1081 1475 1202 1548 aperiat
1223 1475 1302 1530 viris

137 1571 312 1644 promiscue
334 1568 556 1634 mulieribusve
578 1567 780 1646 excipiendis,
800 1567 850 1626 vel
872 1567 990 1626 similes
1021 1567 1125 1626 domos
1146 1571 1302 1646 excipien-

134 1665 191 1724 dis
212 1666 433 1742 sacerdotibus,
466 1669 516 1741 qui
540 1666 684 1725 Sororum
705 1671 779 1724 cura
800 1671 892 1739 atque
914 1684 1005 1741 opera
1040 1672 1237 1740 aegrotantes
1259 1665 1301 1725 le*-

138 1769 263 1837 ventur,
285 1763 434 1822 eiusmodi
456 1765 613 1840 proposita
634 1763 778 1839 Episcopi
801 1782 839 1821 ne
861 1763 1002 1839 probent,
1023 1765 1085 1820 nisi
1107 1767 1227 1822 maturo
1248 1763 1300 1825 ad-

134 1861 240 1920 hibito
261 1880 429 1936 severoque
450 1859 586 1918 consilio.
608 1895 648 1903 -—
661 1861 829 1918 Praeterea
850 1860 994 1936 Episcopi
1014 1858 1235 1936 'religiosarum
1248 1861 1296 1920 do-

134 1978 214 2037 mus,
236 1959 289 2016 ubi
312 1961 391 2016 viris
413 1957 578 2016 femiuisve
600 1976 728 2033 peregre
750 1958 990 2016 advenientibus
1012 1957 1180 2034 hospitium
1201 1961 1315 2017 victu-¹

132 2075 209 2131 sque
230 2062 355 2132 accepto
375 2057 476 2131 pretio
497 2054 724 2130 suppeditetur,
746 2073 937 2130 nequaquam
959 2059 1154 2132 permittant.

253 2153 311 2213 IV.
351 2151 506 2211 Sodalitas
540 2154 667 2226 quaevis
689 2151 871 2210 dioecesana
906 2153 945 2209 ad
977 2152 1132 2211 dioeceses
1163 2153 1241 2212 alias
1262 2174 1301 2212 ne

139 2251 401 2326 transgrediatur,
422 2251 484 2307 nisi
506 2251 726 2337 consentiente·
741 2255 873 2322 utroque
893 2249 1054 2326 Episcopo,
1077 2256 1140 2307 tum
1166 2250 1223 2308 loci
1245 2271 1300 2308 un·

133 2349 173 2408 de
197 2347 337 2423 excedat,
359 2352 423 2404 tum
447 2347 506 2404 loci
527 2365 585 2421 quo
607 2345 685 2404 velit
706 2349 916 2421 commigrare.

253 2445 292 2505 V.
319 2445 524 2504 Sodalitatem
544 2443 756 2502 dioecesanam
781 2446 809 2501 si
830 2444 869 2501 ad
880 2444 1036 2503 dioeceses
1048 2445 1125 2503 alias
1137 2449 1300 2527 propagari

136 2545 267 2617 accidat,
290 2543 370 2602 nihil
391 2543 428 2602 de
450 2545 550 2619 ipsius
571 2549 683 2600 natura
705 2549 737 2600 et
759 2542 879 2618 legibus
893 2545 1009 2600 mutari
1031 2543 1132 2618 liceat,
1154 2545 1215 2602 uisi
1237 2547 1301 2602 siu-

131 2641 274 2718 gulorum
286 2642 506 2717 Episcoporum
518 2625 677 2716 consensu,
689 2658 816 2714 quorum
829 2642 861 2696 in
873 2623 1065 2697 dioecesibus
1075 2639 1167 2698 aedes
1178 2641 1301 2700 haheat.

254 2739 312 2798 VI.
336 2738 437 2797 Semel
473 2738 660 2814 approbatae
696 2736 878 2794 sodalitates
899 2755 939 2794 ne
974 2737 1207 2815 extinguantur,
1238 2741 1300 2797 nisi

139 2837 289 2914 gravibus
311 2839 482 2913 decausis,
504 2841 536 2893 et
556 2835 823 2893 consentientibus
858 2835 1029 2910 Episcopis,
1051 2853 1178 2908 quorum
1200 2839 1232 2894 in
1254 2837 1301 2894 di-

142 2938 226 2994 tione
248 2938 378 2994 luerint.
401 2934 582 3010 Singuleres
603 2939 707 2991 tamen
729 2933 833 2992 domos
854 2934 1028 3011 Episcopis,
1048 2933 1080 2988 in
1102 2951 1158 2990 sua
1192 2937 1301 3009 cuique

133 3035 277 3109 dioecesi,
300 3033 408 3092 tollere
429 3032 479 3091 fes
500 3038 558 3092 est.

253 3131 330 3192 VII.
352 3131 399 3189 De
422 3131 534 3208 puellis
565 3129 706 3188 habitum
742 3131 919 3206 religiosum
941 3118 1131 3208 petentibus,
1166 3133 1241 3190 item
1261 3117 1305 3190 de·

135 3234 177 3290 iis
198 3249 285 3308 quae,
307 3230 488 3305 probatione
509 3229 643 3306 expleta,
669 3231 847 3306 emissuras,
863 3230 928 3286 sint
949 3233 1031 3304 vota,
1052 3229 1223 3305 Episcopus
1237 3213 1301 3287 siu-

138 3329 270 3406 gulatim
291 3329 405 3385 certior
426 3325 490 3385 fiat:
512 3326 650 3384 eiusdem
671 3329 733 3384 erit
755 3325 825 3384 illes
847 3331 879 3384 et
913 3325 951 3384 de
974 3345 1055 3384 more
1077 3326 1237 3402 explorare
1258 3331 1301 3399 et,

135 3426 216 3486 nihil
237 3429 264 3486 si
286 3427 397 3503 obstet,
419 3427 595 3484 admittere.

258 3541 353 3602 VIII.
375 3541 527 3617 Episcopo
561 3540 702 3598 alumnas
724 3539 924 3597 sodalitatum
959 3540 1208 3600 dioecesanarum
1233 3557 1301 3615 pro·

135 3642 239 3702 fessas
259 3640 441 3699 dimittendi
462 3644 601 3715 potestas
622 3643 680 3714 eet,
703 3640 784 3694 votis
818 3640 978 3714 perpetuis
999 3656 1094 3712 aeque
1129 3655 1164 3694 ac
1185 3643 1301 3714 tempo

140 3741 234 3798 rariis
255 3739 404 3810 remissis,
425 3755 486 3794 uuo
507 3734 631 3810 dempto
650 3738 698 3807 (ex
714 3736 898 3792 auctoritate
924 3733 1034 3791 saltem
1048 3736 1185 3810 propria)
1201 3734 1301 3792 colen-

139 3836 197 3896 dae
218 3842 373 3913 perpetuo
390 3834 557 3892 castitatis.
592 3830 769 3891 Cavendum
791 3839 895 3890 tamen
930 3851 969 3890 ue
990 3831 1163 3889 istiusmodi
1189 3835 1301 3890 remis-

137 3938 223 3994 sione
246 3937 295 3992 ius
317 3933 452 3991 alienum
474 3929 626 4008 laedatur,
648 3929 789 3988 laedetur
810 3940 922 4005 autem,
945 3931 971 3988 si
984 3929 1301 3988 'inscils'moderato-

134 4034 222 4093 ribus
245 4031 277 4091 id
298 4031 354 4090 fiat
375 4033 516 4104 iusteque
537 4027 807 4088 dissentientibus.

257 4129 318 4189 IX.
339 4129 525 4200 Antistitee,
547 4145 585 4185 ex
600 4127 856 4184 constitutionum
872 4129 949 4204 iure,
971 4147 988 4184 a
1011 4125 1173 4185 Sororibus
1188 4125 1303 4202 eligan-

138 4238 201 4294 tur.
222 4232 395 4309 Episcopus
429 4235 543 4306 tamen,
565 4226 615 4286 vel
636 4229 703 4304 ipse
732 4226 781 4285 vel
802 4225 949 4302 delegato
975 4246 1110 4303 munere,
1143 4223 1306 4301 suffragiis

1455 3689 1473 3731 ἢ
