3220 4898
310 291 365 346 254

399 415 454 477 83.
478 413 526 478 ΙΙ,
559 416 611 478 De
634 415 781 479 dimissis
804 422 834 477 et
860 415 982 498 ejectis.
1006 411 1169 479 Dimissio
1200 419 1234 478 et
1264 413 1387 498 ejectio
1427 438 1496 480 non

312 543 387 587 rere
410 520 599 606 promiscue
623 527 841 605 usurpantur;
866 528 901 586 et
923 520 1045 605 ejectio
1068 543 1168 585 sensu
1191 521 1309 586 stricto
1324 529 1375 586 est
1395 531 1496 587 actus

312 649 378 713 quo
394 625 566 713 professus
601 627 643 692 ob
666 633 835 718 patratam
872 627 1008 712 culpem
1031 649 1172 711 gravem
1196 634 1230 692 et
1253 635 1438 693 externam
1463 637 1496 694 et

312 735 485 822 publicam
507 742 540 800 et
564 758 641 800 cum
667 735 969 820 incorrigibilitate
992 736 1207 810 coniunctam
1232 761 1252 801 a
1275 745 1494 823 competente

312 843 492 928 Superiore
516 845 562 925 (1)
585 851 720 908 servata
741 845 856 928 forma
878 843 1033 909 iudiciali
1051 866 1092 908 ex
1115 843 1233 908 ordine
1257 843 1420 928 religioso
1437 867 1494 908 ex-

313 949 465 1035 pellitur;
494 949 646 1016 dimissio
663 972 745 1014 vero
781 949 1008 1034 distinguitur
1042 949 1086 1014 ab
1112 948 1279 1034 ejectione
1318 949 1402 1035 quia
1443 959 1496 1014 est

312 1063 496 1140 actusque
531 1055 702 1141 professus
736 1057 778 1122 ob
812 1079 935 1142 graves
969 1063 1003 1120 et
1034 1055 1204 1140 legitimas
1239 1079 1358 1121 causas
1381 1056 1494 1121 etsie

312 1165 413 1250 culpa
435 1165 573 1250 alienas,
598 1189 618 1229 a
642 1172 853 1250 competente
890 1165 1070 1250 Superiore
1094 1167 1216 1250 absque
1249 1168 1365 1250 formo
1400 1166 1494 1230 iudi-

312 1273 392 1336 ciali
425 1270 624 1336 dimittitur.

274 1377 275 1380 ’
402 1377 444 1442 In
468 1376 635 1462 ejectione
670 1379 836 1444 servanda
871 1386 950 1443 sunt
974 1400 1061 1463 quae
1084 1377 1207 1444 statuit
1230 1377 1265 1443 S.
1289 1377 1325 1443 O.
1352 1379 1434 1446 ΕΕ.
1460 1385 1493 1442 et

312 1483 389 1548 ΕΒ.
414 1485 470 1566 (2);
496 1510 515 1544 c
530 1483 775 1568 Dispositiones
799 1491 976 1550 contentae
999 1483 1036 1548 in
1051 1484 1186 1549 decreto
1210 1483 1244 1549 S.
1262 1482 1388 1568 Oongr.
1407 1475 1492 1548 Con·

312 1589 383 1654 cilii
407 1589 501 1654 iussu
532 1614 557 1656 s.
599 1615 642 1656 m.
680 1590 811 1656 Urbani
845 1591 934 1656 VIII
969 1589 1061 1656 edito
1094 1591 1149 1655 die
1177 1593 1218 1654 21
1243 1589 1369 1655 mensis
1394 1591 1491 1675 Sept.

316 1698 402 1760 1624
425 1695 611 1784 incipiente
634 1699 744 1764 Sacro
770 1701 975 1783 conprepete‘o
998 1720 1037 1762 ac
1060 1697 1097 1762 in
1121 1697 1256 1762 decreto
1278 1696 1433 1761 eiusdem
1458 1698 1490 1763 S.

312 1804 348 1870 Ο.
373 1803 466 1870 iussu
502 1827 526 1870 s.
562 1827 606 1870 m.
630 1806 705 1870 Inn.
741 1806 815 1872 XII
849 1803 940 1870 edito
975 1804 1029 1869 die
1064 1805 1254 1869 esnensis
1279 1803 1362 1868 Iulii
1390 1805 1488 1885 1694,

311 1909 498 1995 incipiente
522 1912 741 1994 luctantibus,
774 1933 813 1975 ac
835 1909 872 1974 in
907 1909 984 1974 aliis
1008 1909 1150 1975 decretis
1173 1909 1390 1994 generalibus
1414 1908 1489 1994 qui-

312 2017 374 2082 bus
398 2017 576 2082 methodus
611 2017 790 2082 ordinatur
818 2041 837 2082 a
861 2016 1100 2103 Superioribus
1137 2016 1303 2082 Ordinum
1342 2017 1490 2102 Regula·

312 2124 401 2188 rium
424 2123 590 2188 servanda
601 2123 639 2188 in
650 2123 858 2209 expellendis
873 2123 1020 2209 propriis
1045 2122 1200 2207 alumnis,
1226 2123 1350 2188 nedum
1374 2122 1411 2186 in
1430 2144 1488 2188 suo

313 2231 431 2296 robore
458 2237 595 2295 manent
618 2231 675 2295 sed
688 2231 873 2296 servandae
888 2229 1113 2316 imponuntur
1129 2228 1233 2294 etiam
1249 2228 1487 2314 Superioribus

312 2338 556 2402 Institutorum
579 2345 737 2403 votorum
764 2325 980 2422 simplicium,
1006 2336 1137 2421 quoties
1161 2344 1285 2422 agatur
1308 2337 1350 2402 de
1374 2336 1487 2420 aliquo

313 2446 450 2510 alumno
474 2451 553 2510 vota
576 2443 746 2530 simplicia
769 2445 907 2529 quidem
919 2446 975 2510 sed
986 2453 1151 2529 perpetua
1168 2444 1319 2528 professo
1332 2444 1387 2508 vel
1399 2441 1486 2508 votis

313 2551 524 2636 simplicibus
537 2551 764 2636 temporaneis
788 2551 952 2616 adstricto
975 2575 1014 2616 ac
1036 2551 1073 2616 in
1096 2551 1199 2616 sceris
1222 2551 1362 2636 insuper
1399 2548 1485 2614 ordi·

313 2657 414 2723 nibus
438 2657 623 2723 constituto
646 2657 849 2729 dimittendo
872 2661 927 2740 (3);
950 2658 1000 2723 ita
1012 2664 1052 2722 ut
1063 2658 1183 2723 horum
1195 2656 1364 2722 neminem
1376 2665 1411 2722 et
1421 2655 1484 2741 ipsi

383 2856 410 2922 (1
415 2885 425 2920 s
446 2852 574 2907 Praeter
595 2853 761 2908 Generales
781 2853 936 2918 Ordinum,
957 2860 1085 2922 possunt
1105 2852 1217 2923 ejicere
1232 2861 1263 2906 et
1278 2852 1484 2906 Provincieles

313 2958 379 2994 cum
401 2959 553 2995 consensu
574 2940 711 3010 Capituli
733 2941 954 3012 Provincialis;
984 2942 1038 2996 sed
1058 2949 1130 2996 tunc
1150 2942 1306 2996 sententia
1325 2950 1359 2994 ut
1379 2941 1418 2995 sit
1437 2957 1484 2995 ve·

313 3031 376 3084 lide
396 3030 488 3082 debet
509 3049 527 3083 a
547 3029 709 3100 Superiore
724 3031 864 3098 generali
882 3031 1065 3087 confirmari.
1080 3031 1142 3086 efr.
1156 3034 1188 3086 A.
1201 3033 1242 3086 Μ.
1255 3033 1388 3097 Ferrea]
1404 3049 1429 3083 n.
1443 3029 1484 3084 57.

333 3105 336 3110 ’
382 3121 427 3189 (a),
445 3120 564 3173 neerei.
587 3141 599 3165 ‹
622 3121 723 3174 necto
743 3121 795 3172 »4
815 3119 890 3174 uov.
912 3123 989 3176 rese.

385 3209 422 3274 (3)
445 3209 502 3262 Pro
523 3206 563 3261 iis
584 3207 634 3278 qui
656 3216 726 3261 vote
746 3214 942 3278 temporanee
962 3210 1128 3264 emiserunt
1145 3227 1179 3263 ac
1194 3209 1320 3280 insuper
1340 3207 1371 3262 in
1392 3205 1482 3261 secris

312 3297 473 3352 ordinibus
503 3313 561 3349 non
596 3305 667 3350 suut
699 3297 870 3364 constituti,
899 3315 957 3350 uon
989 3298 1155 3368 requiritur
1187 3314 1348 3370 processus
1368 3295 1481 3350 ordine·

312 3387 385 3453 rice,
405 3386 459 3440 sed
479 3385 593 3438 dimitti
610 3393 737 3456 possunt
758 3405 775 3438 a
794 3386 954 3456 Superiora
975 3386 1085 3440 Gener.
1109 3403 1176 3439 cum
1197 3393 1266 3439 voto
1279 3385 1407 3441 Consilii
1427 3382 1480 3447 sui,

312 3477 350 3530 ob
370 3477 490 3546 culpam
510 3482 611 3530 tamen
632 3493 764 3546 gravem,
784 3483 951 3544 externam,
972 3475 1126 3546 publicam
1140 3482 1171 3530 et
1190 3493 1256 3530 eum
1269 3473 1482 3545 incorrigibili-

312 3572 375 3618 tate
395 3567 598 3620 coniunctam.
631 3564 694 3639 Cfr.
715 3569 863 3629 Nerdelli‚
884 3566 997 3620 comm.
1016 3565 1124 3620 Bullee
1145 3585 1160 3616 «
1182 3566 1352 3621 Conditae»
1374 3561 1480 3618 Leonis

313 3653 402 3720 XIII,
423 3674 452 3708 n.
471 3656 515 3722 423
538 3657 649 3722 Weruz,
670 3655 711 3720 Il,
732 3673 761 3710 n.
779 3655 840 3722 676;
864 3655 958 3711 Α.·Μ.
978 3657 1111 3722 Ferrari,
1132 3673 1178 3725 op.
1198 3654 1251 3709 cit.
1270 3673 1299 3709 n.
1318 3656 1353 3708 56

384 3745 527 3798 Attamen
548 3743 607 3798 viri
628 3744 767 3814 religiosi
797 3745 889 3799 etiem
910 3744 939 3798 in
961 3744 1120 3798 institutis
1140 3750 1276 3798 votorum
1298 3741 1479 3813 simplicium

312 3833 405 3888 etiem
426 3835 455 3886 in
487 3849 510 3888 e.
530 3833 690 3887 ordinibus
723 3851 780 3886 uon
801 3833 961 3886 constituti
982 3841 1050 3904 post
1070 3831 1291 3903 professionem
1310 3839 1480 3904 perpetuam

313 3929 366 3976 aut
384 3929 609 3993 temporaneam
640 3922 700 3976 nisi
722 3923 845 3992 praevio
867 3922 980 3976 iudicio
1000 3922 1138 3992 quemvis
1158 3921 1322 3976 summario
1344 3919 1414 3991 ejici
1434 3915 1478 3971 vel

266 4035 267 4040 ¹
312 4011 428 4066 dimitti
449 4029 507 4064 non
529 4019 657 4082 possunt
672 4019 701 4066 et
721 4029 757 4066 ex
778 4011 957 4066 dimissione
978 4017 1009 4065 et
1028 4011 1179 4082 ejectione
1200 4028 1259 4064 neu
1281 4009 1315 4063 fit
1342 4005 1478 4064 liberatio

312 4107 450 4154 votorum
482 4100 535 4154 sed
556 4100 723 4171 requiritur
743 4100 942 4170 dispensatio.
962 4099 993 4154 S.
1011 4101 1122 4170 Congr.
1141 4099 1206 4156 ΕΕ.
1225 4105 1255 4154 et
1276 4098 1344 4154 BR.
1364 4099 1398 4154 10
1416 4095 1477 4151 Icu.

313 4191 392 4258 1896;
413 4198 442 4244 et
462 4189 520 4245 lul.
541 4191 619 4246 1898.
639 4189 701 4246 Ofr.
722 4193 809 4262 Lepe,
831 4190 886 4246 lib.
905 4191 945 4258 II,
966 4190 1028 4246 vol.
1046 4189 1097 4256 IV,
1120 4208 1147 4243 n.
1167 4191 1230 4244 511.

383 4279 535 4334 Moniales
558 4296 629 4332 vero
662 4297 739 4350 quae
771 4287 842 4333 vote
869 4286 1065 4350 temporanea
1097 4279 1127 4332 in
1149 4276 1396 4350 congregatione
1416 4292 1433 4328 a
1452 4273 1477 4327 S.
