3200 4890
299 359 355 414 89¹)

390 467 441 532 De
461 469 617 553 apostatis
637 489 659 532 α
682 467 830 554 relt'qioae
867 466 935 532 iam
968 463 1072 532 locuti
1104 485 1219 532 sumus
1254 463 1311 530 ubi
1350 465 1391 530 de
1412 488 1460 530 re-

299 571 440 658 ligiosis.

388 681 519 747 Poenae
542 688 658 748 contra
673 690 841 770 'apostatos
863 684 903 748 ab
926 683 1037 746 ordine
1058 687 1220 765 statutae,
1245 688 1335 745 snnt:
1441 732 1443 738 .

388 787 417 854 I.
442 787 756 854 Exoommunicatio
768 787 925 854 ferendae
941 785 1255 872 sententiae(1);II.
1271 808 1458 851 excommu-

300 892 426 958 nicatio
452 894 539 959 latae
573 895 758 960 sententiae
782 894 808 959 si
833 892 1087 960 matrimonium
1110 893 1152 958 de
1175 892 1267 958 facto
1290 899 1464 957 contraxe-

299 1001 370 1065 rint
392 1003 448 1082 (2):
487 1000 556 1066 III.
586 999 831 1084 irregularitas
867 999 927 1064 IV.
950 997 1094 1064 infamia
1127 997 1226 1080 facti;
1262 997 1304 1064 V.
1329 996 1464 1062 amissio

299 1107 448 1172 omnium
472 1106 729 1193 privilegiorum
754 1105 960 1171 clericalium
982 1105 1086 1172 otiam
1109 1106 1175 1171 fori
1198 1113 1233 1170 et
1254 1104 1391 1170 canonis
1408 1106 1464 1186 (3).

337 1287 340 1290 ,
387 1215 526 1279 22411.
553 1213 740 1282 Haeresis
764 1222 815 1279 est
848 1236 941 1280 error
963 1215 1162 1289 voluntarias
1182 1215 1339 1300 pertinace
1350 1220 1460 1278 contro

298 1343 331 1388 υ
323 1323 463 1386 ritatem
476 1322 551 1406 fidei
572 1329 626 1387 cot
613 1322 743 1386 titolicoc
765 1323 800 1385 ic
810 1321 934 1386 tomice
955 1321 1112 1407 baptizato
1123 1321 1180 1406 qai
1196 1341 1228 1384 ee
1251 1321 1462 1384 christianum

293 1427 545 1512 profitetcrffl).

387 1530 543 1596 Haeresis
565 1511 704 1596 aliat
654 1539 704 1596 est
725 1534 862 1616 interno,
886 1530 953 1597 alia
976 1541 1117 1613 enimam
1142 1531 1208 1596 alia
1232 1533 1366 1614 occulta,
1399 1529 1469 1594 alia

298 1639 434 1703 notorio,

386 1747 519 1810 Interm
541 1767 627 1830 quae
649 1753 762 1812 mente
783 1747 869 1811 latet
890 1748 945 1829 (ὃ).

387 1853 544 1937 Εωῑενιια,
569 1875 671 1937 quam
694 1853 796 1918 verbo
819 1853 872 1918 vol
895 1852 993 1937 signo
1016 1873 1089 1916 eam
1116 1851 1206 1916 clare
1222 1850 1466 1916 manifestante

298 1957 470 2043 patefacis

388 2066 520 2132 Occulta
542 2075 593 2131 ost
616 2088 701 2151 quae
725 2064 842 2151 paucis
864 2073 944 2131 nota
970 2076 1032 2131 ost.

385 2173 522 2236 Notorio
545 2193 631 2256 quae
654 2171 771 2236 multis
794 2171 984 2236 innotescit.

386 2279 485 2344 Nunc
507 2279 549 2344 de
572 2278 688 2363 poenis
711 2279 753 2344 ab
778 2277 931 2343 Ecclesia
959 2279 1047 2344 latis.

369 2473 410 2542 (1)
430 2473 503 2530 Gan.
520 2475 546 2540 3,
567 2472 618 2529 Oa.
637 2475 680 2540 20,
700 2491 727 2544 q.
746 2475 771 2528 3.

368 2563 407 2632 (2)
426 2563 521 2622 Olem.
538 2580 588 2618 un.
608 2565 644 2618 de
659 2579 813 2632 consang3
831 2565 944 2630 Consta
962 2585 977 2618 «
996 2568 1097 2634 Apost.
1116 2567 1202 2622 Sedis
1223 2584 1246 2631 ι,
1275 2582 1302 2618 ιι.
1333 2565 1356 2628 l,
1379 2563 1464 2615 inter

273 2669 275 2673 ·
297 2667 411 2706 excom.
430 2652 449 2706 l.
469 2670 492 2708 s.
511 2653 671 2724 Episcopis
694 2653 758 2708 sive
778 2653 949 2709 Ordinariis
967 2661 1150 2710 reservatae.

368 2739 409 2811 (3)
429 2743 501 2826 Cap.
519 2743 542 2809 Ι,
563 2743 599 2796 de
618 2749 715 2813 apost.
733 2743 807 2814 ibiq.
849 2749 852 2756 '

371 2848 410 2915 (4)
430 2846 476 2900 Ea
495 2863 561 2911 vox,
582 2845 619 2899 ab
638 2838 725 2924 αι’ρὲω
742 2850 822 2918 eliyo,
843 2847 1022 2901 electionem
1036 2845 1201 2918 significat.
1215 2844 1347 2899 Proinde
1361 2843 1470 2896 haere·

296 2939 377 2994 ticos
395 2935 481 3007 quasi
503 2935 579 2990 malo
598 2939 713 3007 clicone.
732 2934 845 2990 Volcns
865 2953 993 3008 namque
1008 2935 1180 2991 haereticus
1196 2935 1364 2988 adhaerere
1380 2931 1469 2986 chri·

298 3027 338 3082 sti
358 3024 534 3080 testimonio
554 3032 584 3078 et
603 3025 724 3078 credere
745 3043 816 3078 vera
835 3041 903 3080 esse
923 3043 999 3097 quae
1020 3026 1072 3080 ille
1092 3025 1195 3080 docuit
1224 3022 1398 3078 voluntarie
1419 3038 1467 3074 er·

298 3123 345 3170 rat
364 3115 394 3168 in
415 3117 551 3184 eliqeodis
569 3117 673 3169 mediis
692 3113 730 3167 ad
751 3113 830 3168 huno
852 3113 942 3170 finem
967 3114 1089 3182 (electio
1118 3114 1284 3168 mediorum
1315 3121 1370 3179 est,
1401 3129 1464 3165 non

297 3203 388 3272 finiet
407 3203 525 3257 scilicet
546 3209 578 3256 ot
597 3203 773 3258 testimonio
793 3203 906 3258 Christi
927 3205 1085 3260 inhaereat
1104 3204 1192 3274 eique
1212 3203 1325 3269 credat,
1356 3219 1464 3256 assen-

297 3297 373 3350 titur
392 3310 451 3348 non
472 3293 510 3346 iis
530 3309 607 3364 quae
627 3310 644 3346 a
664 3292 786 3348 Christo
805 3293 906 3363 reipsa
925 3293 987 3348 dict
976 3301 1007 3348 ta
1027 3300 1106 3360 sunt,
1126 3293 1208 3347 sed'
1200 3293 1240 3346 iis
1259 3309 1337 3363 quae
1363 3309 1421 3346 sna
1435 3291 1467 3344 ei

298 3389 383 3437 me'ns
406 3379 485 3434 falso
504 3379 654 3451 suggerit,
686 3388 839 3452 tamquam
857 3382 939 3436 dicta
964 3401 982 3436 a
1014 3383 1146 3438 Christo.
1178 3381 1255 3435 Vide
1288 3383 1467 3452 Anyelicam

296 3473 323 3541 2,
342 3473 369 3538 2,
388 3488 415 3541 q.
435 3469 489 3536 xl,
510 3487 535 3522 a.
556 3471 581 3522 l.
1297 3489 1299 3492 ·

367 3562 405 3629 (b)
426 3562 550 3615 laterna
569 3577 629 3612 non
649 3565 695 3614 est
714 3565 839 3614 externo
858 3559 923 3614 foro
943 3559 1083 3616 subiecta
1120 3559 1150 3613 in
1171 3577 1230 3632 quo
1258 3558 1467 3612 criminaliter

295 3649 385 3718 punit
404 3649 552 3706 Ecclesia.
584 3649 667 3702 Bene
687 3666 757 3704 vero
776 3655 902 3708 externa
922 3655 952 3704 et
971 3649 1109 3706 formalis
1128 3647 1267 3720 quamvis
1286 3647 1395 3702 forsan
1416 3665 1465 3702 oc·

296 3737 387 3790 culta.
407 3735 470 3791 Ofr.
501 3739 589 3808 Laco,
608 3737 628 3789 l.
648 3755 672 3792 c.
692 3755 721 3792 n.
747 3738 808 3792 330.
839 3739 928 3794 Unde
957 3743 1038 3792 recte
1067 3738 1272 3801 D'Anm'tale,
1303 3737 1471 3792 inconst.

296 3844 313 3878 ‹
331 3827 430 3894 Apost.
449 3827 534 3882 Sedis
553 3843 577 3892 ι,
598 3842 703 3880 οοιιιιιι.
722 3844 750 3881 ιι.
768 3827 815 3882 31ι
833 3847 849 3878 c
863 3826 945 3882 lllud
959 3844 1018 3880 non
1033 3827 1170 3897 interest,
1191 3843 1259 3880 cnm
1279 3825 1382 3880 verbis
1398 3843 1467 3880 eam

272 3948 273 3951 =
296 3913 437 3984 prodidit
455 3921 557 3968 utrum
576 3915 688 3987 aliquis
707 3916 839 3971 audierit
857 3917 1038 3988 loquentem,
1054 3934 1092 3972 an
1107 3917 1202 3978 hemo,
1223 3915 1301 3970 forte
1323 3915 1398 3987 quia
1413 3933 1464 3970 ne-

295 4021 343 4058 mo
362 4012 599 4075 praesenserat,
619 4005 645 4058 si
665 4005 752 4060 modo
772 4023 916 4076 praesens
935 4005 1080 4060 exaudire
1100 4005 1264 4076 potuisset:
1286 4023 1341 4060 neo
1355 4008 1382 4064 si
1396 4026 1468 4064 eam

294 4093 428 4164 prodidit
446 4091 537 4160 facto,
556 4111 614 4166 qno
632 4094 713 4162 sacto
733 4113 798 4150 eam
818 4095 995 4166 prodiderit;
1012 4101 1047 4154 nt
1067 4106 1140 4166 pnta
1155 4096 1180 4150 si
1195 4096 1302 4150 abdita
1322 4099 1465 4154 cordium

294 4183 384 4254 scire,
404 4184 451 4238 vel
470 4183 591 4239 futuras
611 4184 766 4240 hominnm
786 4185 899 4240 liberas
920 4185 1055 4240 actiones
1074 4189 1161 4258 (qnae
1180 4186 1239 4241 soli
1254 4185 1325 4245 Deo
1345 4190 1469 4260 patent)

293 4273 433 4334 divinare
453 4279 579 4330 conatus
608 4273 701 4330 fuerit
727 4293 779 4346 per
798 4275 931 4335 Tabulas
951 4282 1047 4332 semet
1065 4282 1229 4376 moventes,
1249 4279 1298 4332 vel
1325 4280 1467 4337 Medium

240 4351 242 4356 ’
292 4362 343 4416 vel
363 4363 509 4419 orisiacos
527 4364 763 4434 (Maycetioeotos)
782 4382 856 4436 qnos
876 4374 1025 4422 micam.¹
