3220 4898
205 757 207 764 ’
302 756 364 822 rau
382 760 436 839 (1).

269 331 270 334 ¹
302 309 358 364 966

175 431 178 436 ’
211 493 214 498 .
304 433 562 520 gregationibus
586 431 738 500 virorum
767 433 856 500 votis
878 432 1090 522 simplicibus
1122 431 1312 519 generatim
1341 433 1474 517 loquen-

108 535 112 544 ’
303 542 346 608 do
369 549 404 607 et
426 541 530 607 salvis
552 541 756 628 specialibus
789 541 990 630 privilegiis,
1025 538 1222 627 Superiores
1256 541 1381 607 habent
1403 549 1473 606 tan·

304 656 378 715 tum
401 656 604 734 potestatem
636 648 891 736 dominativum,
914 649 1057 734 ideoque
1079 670 1149 714 non
1169 655 1250 714 sunt
1284 649 1355 714 veri
1381 649 1473 714 Prae-

391 861 501 929 Hodie
527 871 641 929 tamen
664 870 740 949 post
763 864 869 930 latam
892 862 1004 930 Gonst.
1040 889 1059 924 ι
1086 861 1246 930 Conditor
1269 889 1287 924 a
1327 862 1471 948 Congre-

301 969 455 1056 gationes
479 970 666 1056 religiosae,
707 971 761 1036 vel
800 979 902 1036 erunt
924 972 1024 1058 plene
1046 977 1232 1056 exemptae,
1257 969 1313 1035 vel
1335 967 1470 1054 partiei-

300 1076 462 1162 eipabunt
477 1077 711 1162 imperfectam
736 1077 995 1164 exemptionem,
1020 1100 1107 1163 quae
1129 1077 1183 1142 ius
1206 1099 1383 1142 commune
1399 1098 1471 1140 eva·

222 1229 224 1232 -
300 1183 346 1250 sit
369 1183 680 1270 Congregationum
714 1184 885 1252 Pontifieii
909 1185 1004 1251 iuris.

390 1291 587 1378 Superiores
622 1291 936 1378 Congregationum
958 1315 1045 1378 quae
1067 1293 1204 1378 plenam
1226 1289 1470 1377 exemptionem

299 1407 419 1466 naetae
442 1407 523 1465 sunt
545 1401 675 1486 pollent
698 1393 802 1464 etiam
825 1399 1069 1484 iurisdictione,
1094 1398 1238 1484 ideoque
1261 1406 1300 1464 ut
1323 1395 1469 1464 Praelati

299 1505 544 1573 considerandi.

388 1613 418 1676 E
444 1621 563 1678 eontra
585 1613 781 1698 Superiores
803 1635 871 1678 non
894 1611 1043 1698 exempti
1067 1610 1239 1678 ordinaria
1261 1610 1298 1676 in
1321 1633 1399 1676 suos
1421 1611 1469 1674 iu-

298 1717 495 1784 risdictione
518 1727 647 1802 carent;
671 1726 813 1805 possunt
837 1727 951 1786 tamen
974 1719 1177 1804 delegatam,
1201 1717 1305 1784 etiam
1329 1719 1372 1784 ab
1388 1717 1467 1803 Epi·

297 1847 397 1910 soopo
421 1824 573 1910 accipere
597 1830 657 1908 (2).

298 2019 359 2074 etio
379 2018 550 2090 spiritualis
565 2021 670 2074 eodem
690 2021 778 2075 modo
798 2037 833 2074 ao
853 2019 1006 2074 Praelatis
1021 2017 1225 2090 regularibus.
1245 2016 1469 2072 Comunissima

296 2113 397 2162 tamen
419 2107 575 2163 sententia
604 2115 652 2164 est
671 2109 751 2180 apud
770 2108 931 2179 theologos
951 2116 982 2162 et
1001 2109 1177 2162 canonistas
1196 2105 1345 2161 moniales
1367 2122 1466 2161 narare

296 2195 509 2252 iurisdictione
529 2197 695 2266 spirituali.
716 2197 778 2254 Gfr.
798 2201 1014 2265 Pellizzorium,
1035 2197 1080 2251 De
1100 2195 1296 2263 Monialibus‚
1316 2195 1394 2252 edit.
1410 2211 1464 2248 non

295 2285 412 2357 prohib.
432 2304 460 2357 p.
478 2288 531 2342 239
550 2304 643 2359 seqq.;
674 2289 794 2355 suarez,
827 2296 898 2344 tom.
916 2290 941 2356 4,
965 2296 1002 2344 tr.
1020 2290 1046 2356 8,
1067 2289 1086 2341 l.
1105 2288 1131 2354 2,
1152 2303 1176 2340 a.
1195 2286 1220 2352 9,
1241 2275 1333 2354 n.'ll;
1365 2291 1465 2351 Bouioe,

294 2377 340 2431 De
361 2377 426 2431 iura
447 2375 657 2447 Regularium,
678 2383 749 2433 tom.
767 2380 794 2445 2,
813 2395 839 2450 p.
859 2380 922 2448 4253
943 2382 1045 2441 Icard,
1065 2379 1106 2446 11,
1126 2397 1152 2450 p.
1172 2375 1236 2435 317.

365 2485 406 2556 (l)
424 2486 520 2540 Posse
540 2491 641 2540 autem
660 2492 773 2540 statum
793 2487 974 2558 religiosum
993 2504 1061 2542 esse
1081 2505 1148 2543 oum
1168 2489 1235 2543 sola
1254 2494 1407 2560 potestate
1418 2486 1464 2540 do·

293 2575 443 2630 minativa
463 2574 543 2628 intra
563 2573 742 2645 religiosum
763 2575 900 2630 ordinem
920 2576 1073 2632 existente
1087 2578 1131 2631 sie
1150 2576 1259 2648 probat
1280 2579 1400 2644 Suel-ea,
1420 2592 1462 2645 op.

293 2663 345 2719 eit.
367 2683 394 2720 n.
413 2665 448 2719 8:
480 2665 597 2719 «Haec
615 2671 752 2736 potestas
784 2665 871 2736 quasi
892 2665 1080 2721 nominativa
1099 2673 1130 2721 at
1150 2666 1326 2734 domestica,
1358 2663 1461 2725 uteie

293 2753 403 2822 dicam,
422 2770 477 2808 seu
497 2753 701 2820 oeconomica,
722 2753 789 2808 sine
809 2753 872 2808 alia
891 2755 1013 2826 propria
1042 2748 1254 2818 iurisdietione
1274 2773 1351 2828 quas
1373 2755 1414 2811 sit
1431 2753 1459 2807 in

293 2841 423 2908 abbate·
433 2841 540 2912 priori,
559 2843 607 2898 vel
640 2843 701 2897 alio
733 2843 827 2898 simili
852 2845 989 2914 praelato
1008 2844 1128 2916 proprio
1147 2851 1178 2898 et
1199 2845 1377 2899 immediato
1395 2840 1460 2897 reli·

229 2989 232 2996 .
292 2931 372 3002 giesi
393 2940 570 2998 conventus,
591 2931 746 2987 sufficiens
767 2941 814 2988 est
833 2934 871 2988 ad
891 2951 995 2989 verum
1015 2941 1128 2988 statum
1151 2934 1332 3004 religiosum
1352 2929 1456 2988 eonsti-

292 3023 446 3077 tuendum.
478 3023 568 3077 Hane
599 3025 800 3078 assertionem
820 3024 894 3078 mihi
915 3026 1023 3096 probet
1042 3024 1228 3079 sufficienter
1248 3029 1457 3094 argumentum

292 3119 445 3184 sumptum
466 3131 503 3166 ex
524 3113 722 3175 monasteriis
753 3115 976 3169 monacharum:
1006 3115 1037 3168 in
1058 3113 1103 3168 eis
1123 3114 1205 3168 enim
1223 3113 1383 3168 abbatissa
1401 3126 1454 3165 non

291 3200 383 3254 habet
416 3199 660 3256 iurisdietionem
692 3201 884 3272 spiritualem
916 3205 963 3274 (ut
984 3209 1029 3256 est
1062 3201 1231 3256 eommunis
1257 3201 1411 3256 sententia
1429 3203 1458 3250 et

290 3289 487 3357 doctrina)...
508 3295 538 3344 et
557 3290 759 3346 nihilominus
784 3295 933 3348 moniales
955 3292 1000 3348 illi
1021 3291 1227 3347 subiiciuntur
1246 3299 1281 3345 ut
1300 3291 1398 3357 matri,
1417 3296 1453 3341 ta·

288 3385 459 3449 nenturque
480 3379 528 3432 illi
550 3397 654 3450 parare
675 3382 841 3437 secundum
868 3383 1014 3452 regulam,
1035 3398 1124 3452 quam
1144 3388 1215 3434 sunt
1234 3379 1400 3451 professae.
1417 3377 1453 3431 ut

288 3467 363 3521 haee
383 3475 527 3537 potestas,
557 3486 595 3523 ex
623 3477 708 3540 parte
728 3471 914 3541 abbatissae,
935 3480 964 3526 et
985 3471 1137 3526 subieetio
1157 3488 1195 3526 ex
1215 3477 1301 3542 parte
1322 3471 1453 3530 aliarum,

288 3556 400 3611 suffieit
432 3557 470 3612 ad
500 3577 602 3614 veram
634 3561 816 3631 religionem
840 3563 873 3618 in
894 3563 949 3617 tali
970 3569 1053 3616 statu
1073 3559 1357 3616 constituendam...
1376 3558 1451 3612 Idam

288 3653 502 3714 argumentum
533 3649 612 3702 sumi
644 3656 745 3720 potest
774 3667 810 3706 ex
843 3652 979 3724 antiquis
1011 3651 1207 3706 monasteriis
1237 3649 1454 3704 monachorum.

286 3734 362 3788 Nem
392 3735 560 3791 verisimile
593 3744 640 3793 est
672 3738 815 3794 instituta
843 3741 940 3796 fuisse
973 3741 1040 3796 sine
1070 3739 1198 3812 speciali
1231 3738 1453 3797 iurisdictione,

286 3840 363 3895 quae
382 3824 549 3895 praefectis
569 3827 679 3882 talium
698 3832 951 3886 monasteriorum
973 3831 1195 3886 communicate
1213 3828 1325 3884 fuisset
1346 3848 1371 3885 ».

354 3932 392 3998 (2)
414 3930 476 3987 ufr.
503 3935 699 4002 Vermeeraeb,
720 3953 767 4007 op.
787 3936 837 3990 ait.
858 3937 1077 4003 1.n.454‚4tt.
1107 3930 1333 4008 Superior-issae
1358 3939 1450 3988 autam

284 4019 565 4092 Congregationum
595 4035 802 4096 exemptarum
823 4045 888 4083 eam
919 4035 1065 4084 exercent
1082 4037 1264 4101 potestatem
1297 4017 1447 4078 dominati·

283 4130 351 4167 vam
370 4129 460 4184 quam
475 4111 590 4169 habant
609 4115 794 4172 Abbatissae
814 4117 971 4176 Ordinum·.
992 4120 1053 4175 Cir.
1068 4124 1173 4182 const.
1190 4144 1207 4177 a
1221 4125 1366 4182 Conditor
1378 4140 1392 4174 s
1404 4114 1448 4170 cit·

284 4205 468 4266 Ballardier,
488 4221 535 4274 op.
555 4205 605 4259 cit.
626 4225 654 4276 p.
673 4211 697 4274 ⁶2,
721 4225 746 4262 c.
764 4209 821 4264 2-5.
