<?xml version="1.0" encoding="UTF-8"?>
<!DOCTYPE html PUBLIC "-//W3C//DTD XHTML 1.0 Transitional//EN"
    "http://www.w3.org/TR/xhtml1/DTD/xhtml1-transitional.dtd">
<html xmlns="http://www.w3.org/1999/xhtml" xml:lang="en" lang="en">
 <head>
  <title>
</title>
<meta http-equiv="Content-Type" content="text/html;charset=utf-8" />
  <meta name='ocr-system' content='tesseract 3.04.00' />
  <meta name='ocr-capabilities' content='ocr_page ocr_carea ocr_par ocr_line ocrx_word'/>
</head>
<body>
  <div class='ocr_page' id='page_1' title='image "./elementaiurisec00munegoog_0405.png"; bbox 0 0 3200 4890; ppageno 0'>
   <div class='ocr_carea' id='block_1_1' title="bbox 302 271 358 330">
    <p class='ocr_par' dir='ltr' id='par_1_1' title="bbox 302 271 358 330">
     <span class='ocr_line' id='line_1_1' title="bbox 302 271 358 330; baseline 0 -1"><span class='ocrx_word' id='word_1_1' title='bbox 302 271 358 330; x_wconf 80' lang='lat'><strong>396</strong></span> 
     </span>
    </p>
   </div>
   <div class='ocr_carea' id='block_1_2' title="bbox 303 411 1484 610">
    <p class='ocr_par' dir='ltr' id='par_1_2' title="bbox 303 411 1484 610">
     <span class='ocr_line' id='line_1_2' title="bbox 303 411 1484 504; baseline 0 -24"><span class='ocrx_word' id='word_1_2' title='bbox 303 411 435 500; x_wconf 87' lang='lat' dir='ltr'><strong>aliquid</strong></span> <span class='ocrx_word' id='word_1_3' title='bbox 459 415 540 482; x_wconf 86' lang='lat' dir='ltr'><strong>dare</strong></span> <span class='ocrx_word' id='word_1_4' title='bbox 564 413 711 490; x_wconf 84' lang='lat' dir='ltr'><strong>voluerit</strong></span> <span class='ocrx_word' id='word_1_5' title='bbox 733 413 841 504; x_wconf 86' lang='lat' dir='ltr'><strong>aooipi</strong></span> <span class='ocrx_word' id='word_1_6' title='bbox 864 421 986 502; x_wconf 80' lang='lat' dir='ltr'><strong>potest,</strong></span> <span class='ocrx_word' id='word_1_7' title='bbox 1010 423 1050 482; x_wconf 87' lang='lat' dir='ltr'><strong>ut</strong></span> <span class='ocrx_word' id='word_1_8' title='bbox 1072 414 1201 502; x_wconf 88' lang='lat' dir='ltr'><strong>legitur</strong></span> <span class='ocrx_word' id='word_1_9' title='bbox 1237 415 1339 483; x_wconf 84' lang='lat' dir='ltr'><strong>Oaus.</strong></span> <span class='ocrx_word' id='word_1_10' title='bbox 1382 417 1413 500; x_wconf 92' lang='grc'><strong>1,</strong></span> <span class='ocrx_word' id='word_1_11' title='bbox 1453 438 1484 500; x_wconf 93' lang='lat' dir='ltr'><strong>q.</strong></span> 
     </span>
     <span class='ocr_line' id='line_1_3' title="bbox 303 521 1484 610; baseline 0.001 -23"><span class='ocrx_word' id='word_1_12' title='bbox 303 521 350 608; x_wconf 83' lang='grc' dir='ltr'><strong>ΙΙ,</strong></span> <span class='ocrx_word' id='word_1_13' title='bbox 376 544 403 588; x_wconf 87' lang='lat' dir='ltr'><strong>o.</strong></span> <span class='ocrx_word' id='word_1_14' title='bbox 428 522 459 590; x_wconf 86' lang='lat'><strong>4.</strong></span> <span class='ocrx_word' id='word_1_15' title='bbox 491 553 505 581; x_wconf 73' lang='grc' dir='ltr'>ι</span> <span class='ocrx_word' id='word_1_16' title='bbox 530 523 567 590; x_wconf 86' lang='lat' dir='ltr'><strong>Si</strong></span> <span class='ocrx_word' id='word_1_17' title='bbox 590 531 705 594; x_wconf 86' lang='lat' dir='ltr'><strong>autem</strong></span> <span class='ocrx_word' id='word_1_18' title='bbox 728 523 787 610; x_wconf 92' lang='lat' dir='ltr'><strong>qui</strong></span> <span class='ocrx_word' id='word_1_19' title='bbox 824 523 1001 590; x_wconf 87' lang='lat' dir='ltr'><strong>ordinatus</strong></span> <span class='ocrx_word' id='word_1_20' title='bbox 1024 523 1141 610; x_wconf 85' lang='lat' dir='ltr'><strong>fuerit,</strong></span> <span class='ocrx_word' id='word_1_21' title='bbox 1182 547 1249 591; x_wconf 88' lang='lat' dir='ltr'><strong>non</strong></span> <span class='ocrx_word' id='word_1_22' title='bbox 1274 547 1317 591; x_wconf 81' lang='lat' dir='ltr'><strong>ex</strong></span> <span class='ocrx_word' id='word_1_23' title='bbox 1353 522 1484 610; x_wconf 77' lang='lat' dir='ltr'><strong>placito</strong></span> 
     </span>
    </p>
   </div>
   <div class='ocr_carea' id='block_1_3' title="bbox 302 629 1575 719">
    <p class='ocr_par' dir='ltr' id='par_1_3' title="bbox 302 629 1575 719">
     <span class='ocr_line' id='line_1_4' title="bbox 302 629 1575 719; baseline 0 -25"><span class='ocrx_word' id='word_1_24' title='bbox 302 634 428 714; x_wconf 84' lang='lat' dir='ltr'><strong>(paeto)</strong></span> <span class='ocrx_word' id='word_1_25' title='bbox 452 652 560 715; x_wconf 87' lang='lat' dir='ltr'><strong>neque</strong></span> <span class='ocrx_word' id='word_1_26' title='bbox 583 637 731 716; x_wconf 83' lang='lat' dir='ltr'><strong>sxaotus,</strong></span> <span class='ocrx_word' id='word_1_27' title='bbox 755 651 864 716; x_wconf 86' lang='lat' dir='ltr'><strong>neque</strong></span> <span class='ocrx_word' id='word_1_28' title='bbox 886 629 1015 718; x_wconf 83' lang='lat' dir='ltr'><strong>petitus</strong></span> <span class='ocrx_word' id='word_1_29' title='bbox 1029 639 1114 718; x_wconf 85' lang='lat' dir='ltr'><strong>post</strong></span> <span class='ocrx_word' id='word_1_30' title='bbox 1147 639 1304 719; x_wconf 82' lang='lat' dir='ltr'><strong>aooeptas</strong></span> <span class='ocrx_word' id='word_1_31' title='bbox 1344 631 1483 696; x_wconf 75' lang='lat' dir='ltr'><strong>chartas</strong></span> <span class='ocrx_word' id='word_1_32' title='bbox 1574 672 1575 677; x_wconf 22' lang='grc' dir='ltr'><strong>κ</strong></span> 
     </span>
    </p>
   </div>
   <div class='ocr_carea' id='block_1_4' title="bbox 255 736 1482 2646">
    <p class='ocr_par' dir='ltr' id='par_1_4' title="bbox 302 736 1482 1022">
     <span class='ocr_line' id='line_1_5' title="bbox 302 736 1482 826; baseline -0.001 -24"><span class='ocrx_word' id='word_1_33' title='bbox 302 743 338 802; x_wconf 88' lang='lat' dir='ltr'><strong>et</strong></span> <span class='ocrx_word' id='word_1_34' title='bbox 361 736 514 822; x_wconf 83' lang='lat' dir='ltr'><strong>pallium,</strong></span> <span class='ocrx_word' id='word_1_35' title='bbox 538 738 668 826; x_wconf 84' lang='lat' dir='ltr'><strong>aliquid</strong></span> <span class='ocrx_word' id='word_1_36' title='bbox 691 737 833 806; x_wconf 73' lang='lat' dir='ltr'><strong>cuilibet</strong></span> <span class='ocrx_word' id='word_1_37' title='bbox 855 762 897 805; x_wconf 88' lang='lat' dir='ltr'><strong>ex</strong></span> <span class='ocrx_word' id='word_1_38' title='bbox 920 739 1019 824; x_wconf 85' lang='lat' dir='ltr'><strong>olere,</strong></span> <span class='ocrx_word' id='word_1_39' title='bbox 1044 738 1149 825; x_wconf 84' lang='lat' dir='ltr'><strong>(grati</strong></span> <span class='ocrx_word' id='word_1_40' title='bbox 1172 737 1292 822; x_wconf 86' lang='lat' dir='ltr'><strong>animi)</strong></span> <span class='ocrx_word' id='word_1_41' title='bbox 1326 746 1482 804; x_wconf 83' lang='lat' dir='ltr'><strong>tantum·</strong></span> 
     </span>
     <span class='ocr_line' id='line_1_6' title="bbox 302 842 1481 932; baseline 0.003 -25"><span class='ocrx_word' id='word_1_42' title='bbox 302 842 401 908; x_wconf 90' lang='lat' dir='ltr'><strong>modo</strong></span> <span class='ocrx_word' id='word_1_43' title='bbox 424 866 533 930; x_wconf 84' lang='lat' dir='ltr'><strong>eausa,</strong></span> <span class='ocrx_word' id='word_1_44' title='bbox 559 845 639 912; x_wconf 81' lang='lat' dir='ltr'><strong>dare</strong></span> <span class='ocrx_word' id='word_1_45' title='bbox 662 844 820 928; x_wconf 87' lang='lat' dir='ltr'><strong>voluerit,</strong></span> <span class='ocrx_word' id='word_1_46' title='bbox 855 845 917 912; x_wconf 85' lang='lat' dir='ltr'><strong>hoo</strong></span> <span class='ocrx_word' id='word_1_47' title='bbox 948 844 1057 932; x_wconf 85' lang='lat' dir='ltr'><strong>aooipi</strong></span> <span class='ocrx_word' id='word_1_48' title='bbox 1094 845 1189 914; x_wconf 88' lang='lat' dir='ltr'><strong>nullo</strong></span> <span class='ocrx_word' id='word_1_49' title='bbox 1227 845 1326 913; x_wconf 92' lang='lat' dir='ltr'><strong>modo</strong></span> <span class='ocrx_word' id='word_1_50' title='bbox 1365 842 1481 932; x_wconf 88' lang='lat' dir='ltr'><strong>prohi-</strong></span> 
     </span>
     <span class='ocr_line' id='line_1_7' title="bbox 304 947 478 1022; baseline 0.011 -8"><span class='ocrx_word' id='word_1_51' title='bbox 304 947 420 1022; x_wconf 77' lang='lat' dir='ltr'><strong>bemus</strong></span> <span class='ocrx_word' id='word_1_52' title='bbox 447 977 478 1016; x_wconf 80' lang='lat'><strong>›.</strong></span> 
     </span>
    </p>

    <p class='ocr_par' dir='ltr' id='par_1_5' title="bbox 301 1057 1480 1251">
     <span class='ocr_line' id='line_1_8' title="bbox 391 1057 1480 1146; baseline 0.004 -26"><span class='ocrx_word' id='word_1_53' title='bbox 391 1059 467 1123; x_wconf 87' lang='grc'>233.</span> <span class='ocrx_word' id='word_1_54' title='bbox 491 1057 672 1128; x_wconf 83' lang='lat' dir='ltr'><strong>Praeterea</strong></span> <span class='ocrx_word' id='word_1_55' title='bbox 694 1058 791 1126; x_wconf 83' lang='lat' dir='ltr'><strong>nefas</strong></span> <span class='ocrx_word' id='word_1_56' title='bbox 807 1065 859 1124; x_wconf 88' lang='lat' dir='ltr'><strong>est</strong></span> <span class='ocrx_word' id='word_1_57' title='bbox 873 1057 1011 1144; x_wconf 89' lang='lat' dir='ltr'><strong>quidvis</strong></span> <span class='ocrx_word' id='word_1_58' title='bbox 1033 1058 1187 1144; x_wconf 87' lang='lat' dir='ltr'><strong>aoaipere</strong></span> <span class='ocrx_word' id='word_1_59' title='bbox 1200 1058 1236 1126; x_wconf 92' lang='lat' dir='ltr'><strong>in</strong></span> <span class='ocrx_word' id='word_1_60' title='bbox 1252 1058 1480 1146; x_wconf 87' lang='lat' dir='ltr'><strong>dispensatio-</strong></span> 
     </span>
     <span class='ocr_line' id='line_1_9' title="bbox 301 1161 1047 1251; baseline 0.005 -23"><span class='ocrx_word' id='word_1_61' title='bbox 301 1161 401 1228; x_wconf 83' lang='lat' dir='ltr'>nibus</span> <span class='ocrx_word' id='word_1_62' title='bbox 424 1187 444 1229; x_wconf 89' lang='lat' dir='ltr'><strong>a</strong></span> <span class='ocrx_word' id='word_1_63' title='bbox 466 1165 541 1251; x_wconf 86' lang='lat' dir='ltr'><strong>lege</strong></span> <span class='ocrx_word' id='word_1_64' title='bbox 565 1165 725 1234; x_wconf 82' lang='lat' dir='ltr'><strong>asnonioa</strong></span> <span class='ocrx_word' id='word_1_65' title='bbox 749 1165 970 1236; x_wconf 76' lang='lat' dir='ltr'>concedendis</span> <span class='ocrx_word' id='word_1_66' title='bbox 992 1169 1047 1250; x_wconf 86' lang='grc'><strong>(1).</strong></span> 
     </span>
    </p>

    <p class='ocr_par' dir='ltr' id='par_1_6' title="bbox 255 1270 1481 2106">
     <span class='ocr_line' id='line_1_10' title="bbox 392 1270 1479 1358; baseline 0.004 -24"><span class='ocrx_word' id='word_1_67' title='bbox 392 1270 548 1356; x_wconf 88' lang='lat' dir='ltr'><strong>Denique</strong></span> <span class='ocrx_word' id='word_1_68' title='bbox 571 1272 611 1338; x_wconf 83' lang='lat' dir='ltr'><strong>de</strong></span> <span class='ocrx_word' id='word_1_69' title='bbox 634 1272 922 1339; x_wconf 75' lang='lat' dir='ltr'><strong>examinatoribus</strong></span> <span class='ocrx_word' id='word_1_70' title='bbox 944 1271 981 1338; x_wconf 89' lang='lat' dir='ltr'><strong>in</strong></span> <span class='ocrx_word' id='word_1_71' title='bbox 1004 1293 1169 1342; x_wconf 88' lang='lat' dir='ltr'><strong>oonoursu</strong></span> <span class='ocrx_word' id='word_1_72' title='bbox 1193 1273 1236 1340; x_wconf 87' lang='lat' dir='ltr'><strong>ad</strong></span> <span class='ocrx_word' id='word_1_73' title='bbox 1272 1271 1479 1358; x_wconf 79' lang='lat' dir='ltr'><strong>paroeciam,</strong></span> 
     </span>
     <span class='ocr_line' id='line_1_11' title="bbox 255 1375 1480 1466; baseline 0.003 -26"><span class='ocrx_word' id='word_1_74' title='bbox 255 1383 258 1388; x_wconf 88' lang='lat'>&#39;</span> <span class='ocrx_word' id='word_1_75' title='bbox 301 1375 351 1441; x_wconf 88' lang='lat' dir='ltr'><strong>ita</strong></span> <span class='ocrx_word' id='word_1_76' title='bbox 374 1376 571 1444; x_wconf 80' lang='lat' dir='ltr'><strong>Tridentina</strong></span> <span class='ocrx_word' id='word_1_77' title='bbox 596 1379 763 1466; x_wconf 84' lang='lat' dir='ltr'><strong>Synodus:</strong></span> <span class='ocrx_word' id='word_1_78' title='bbox 790 1407 808 1441; x_wconf 68' lang='grc' dir='ltr'><strong><em>ι</em></strong></span> <span class='ocrx_word' id='word_1_79' title='bbox 847 1379 997 1446; x_wconf 79' lang='lat' dir='ltr'><strong>Caveant</strong></span> <span class='ocrx_word' id='word_1_80' title='bbox 1034 1403 1077 1446; x_wconf 91' lang='lat' dir='ltr'><strong>ne</strong></span> <span class='ocrx_word' id='word_1_81' title='bbox 1117 1379 1306 1466; x_wconf 79' lang='lat' dir='ltr'><strong>quidquam</strong></span> <span class='ocrx_word' id='word_1_82' title='bbox 1337 1401 1480 1465; x_wconf 86' lang='lat' dir='ltr'><strong>prorsus</strong></span> 
     </span>
     <span class='ocr_line' id='line_1_12' title="bbox 301 1483 1481 1574; baseline 0.004 -27"><span class='ocrx_word' id='word_1_83' title='bbox 301 1483 473 1550; x_wconf 76' lang='lat' dir='ltr'><strong>occasione</strong></span> <span class='ocrx_word' id='word_1_84' title='bbox 496 1487 598 1554; x_wconf 89' lang='lat' dir='ltr'><strong>huius</strong></span> <span class='ocrx_word' id='word_1_85' title='bbox 620 1486 795 1572; x_wconf 86' lang='lat' dir='ltr'><strong>examinis,</strong></span> <span class='ocrx_word' id='word_1_86' title='bbox 818 1509 880 1556; x_wconf 84' lang='lat' dir='ltr'><strong>noo</strong></span> <span class='ocrx_word' id='word_1_87' title='bbox 903 1494 982 1553; x_wconf 85' lang='lat' dir='ltr'><strong>ante</strong></span> <span class='ocrx_word' id='word_1_88' title='bbox 1006 1510 1066 1554; x_wconf 82' lang='lat' dir='ltr'><strong>nee</strong></span> <span class='ocrx_word' id='word_1_89' title='bbox 1089 1493 1165 1574; x_wconf 88' lang='lat' dir='ltr'><strong>post</strong></span> <span class='ocrx_word' id='word_1_90' title='bbox 1189 1487 1372 1572; x_wconf 81' lang='lat' dir='ltr'><strong>accipiant:</strong></span> <span class='ocrx_word' id='word_1_91' title='bbox 1398 1486 1481 1553; x_wconf 86' lang='lat' dir='ltr'><strong>alio·</strong></span> 
     </span>
     <span class='ocr_line' id='line_1_13' title="bbox 300 1591 1477 1681; baseline 0.002 -25"><span class='ocrx_word' id='word_1_92' title='bbox 300 1591 384 1676; x_wconf 93' lang='lat' dir='ltr'><strong>quin</strong></span> <span class='ocrx_word' id='word_1_93' title='bbox 407 1593 569 1660; x_wconf 82' lang='lat' dir='ltr'><strong>simoniae</strong></span> <span class='ocrx_word' id='word_1_94' title='bbox 593 1595 716 1661; x_wconf 88' lang='lat' dir='ltr'><strong>vitium</strong></span> <span class='ocrx_word' id='word_1_95' title='bbox 739 1603 810 1662; x_wconf 86' lang='lat' dir='ltr'><strong>tam</strong></span> <span class='ocrx_word' id='word_1_96' title='bbox 833 1595 897 1681; x_wconf 90' lang='lat' dir='ltr'><strong>ipsi</strong></span> <span class='ocrx_word' id='word_1_97' title='bbox 921 1618 1024 1681; x_wconf 90' lang='lat' dir='ltr'><strong>quam</strong></span> <span class='ocrx_word' id='word_1_98' title='bbox 1047 1593 1107 1662; x_wconf 88' lang='lat' dir='ltr'><strong>alii</strong></span> <span class='ocrx_word' id='word_1_99' title='bbox 1129 1596 1249 1661; x_wconf 83' lang='lat' dir='ltr'><strong>dantes</strong></span> <span class='ocrx_word' id='word_1_100' title='bbox 1278 1595 1477 1678; x_wconf 80' lang='lat' dir='ltr'><strong>incurrunt,</strong></span> 
     </span>
     <span class='ocr_line' id='line_1_14' title="bbox 300 1701 1479 1788; baseline 0.003 -24"><span class='ocrx_word' id='word_1_101' title='bbox 300 1721 320 1764; x_wconf 91' lang='lat' dir='ltr'><strong>a</strong></span> <span class='ocrx_word' id='word_1_102' title='bbox 344 1721 411 1784; x_wconf 90' lang='lat' dir='ltr'><strong>qua</strong></span> <span class='ocrx_word' id='word_1_103' title='bbox 434 1701 562 1767; x_wconf 87' lang='lat' dir='ltr'><strong>absolvi</strong></span> <span class='ocrx_word' id='word_1_104' title='bbox 587 1711 756 1788; x_wconf 76' lang='lat' dir='ltr'><strong>nequeant</strong></span> <span class='ocrx_word' id='word_1_105' title='bbox 778 1702 844 1769; x_wconf 90' lang='lat' dir='ltr'><strong>nisi</strong></span> <span class='ocrx_word' id='word_1_106' title='bbox 868 1702 1015 1768; x_wconf 87' lang='lat' dir='ltr'><strong>dimissis</strong></span> <span class='ocrx_word' id='word_1_107' title='bbox 1039 1701 1210 1768; x_wconf 81' lang='lat' dir='ltr'><strong>benefieiis</strong></span> <span class='ocrx_word' id='word_1_108' title='bbox 1234 1724 1322 1787; x_wconf 88' lang='lat' dir='ltr'><strong>quae</strong></span> <span class='ocrx_word' id='word_1_109' title='bbox 1339 1724 1479 1787; x_wconf 82' lang='lat' dir='ltr'><strong>quomo</strong></span> 
     </span>
     <span class='ocr_line' id='line_1_15' title="bbox 300 1807 1479 1895; baseline 0.001 -24"><span class='ocrx_word' id='word_1_110' title='bbox 300 1808 487 1891; x_wconf 74' lang='lat' dir='ltr'><strong>donumque</strong></span> <span class='ocrx_word' id='word_1_111' title='bbox 510 1807 614 1876; x_wconf 87' lang='lat' dir='ltr'><strong>etiam</strong></span> <span class='ocrx_word' id='word_1_112' title='bbox 636 1818 736 1876; x_wconf 80' lang='lat' dir='ltr'><strong>antea</strong></span> <span class='ocrx_word' id='word_1_113' title='bbox 759 1809 967 1895; x_wconf 84' lang='lat' dir='ltr'><strong>obtinebant,</strong></span> <span class='ocrx_word' id='word_1_114' title='bbox 991 1809 1091 1875; x_wconf 90' lang='lat' dir='ltr'><strong>etad</strong></span> <span class='ocrx_word' id='word_1_115' title='bbox 1115 1809 1183 1874; x_wconf 90' lang='lat' dir='ltr'><strong>alia</strong></span> <span class='ocrx_word' id='word_1_116' title='bbox 1224 1808 1261 1874; x_wconf 90' lang='lat' dir='ltr'><strong>in</strong></span> <span class='ocrx_word' id='word_1_117' title='bbox 1300 1816 1479 1894; x_wconf 84' lang='lat' dir='ltr'><strong>posterum</strong></span> 
     </span>
     <span class='ocr_line' id='line_1_16' title="bbox 300 1913 1478 2000; baseline 0.002 -22"><span class='ocrx_word' id='word_1_118' title='bbox 300 1914 468 1980; x_wconf 90' lang='lat' dir='ltr'><strong>inhabiles</strong></span> <span class='ocrx_word' id='word_1_119' title='bbox 492 1917 721 1982; x_wconf 74' lang='lat' dir='ltr'><strong>reddantur»</strong></span> <span class='ocrx_word' id='word_1_120' title='bbox 746 1919 802 2000; x_wconf 85' lang='lat'>(2).</span> <span class='ocrx_word' id='word_1_121' title='bbox 816 1918 877 1994; x_wconf 55' lang='lat' dir='ltr'><strong>,Aa</strong></span> <span class='ocrx_word' id='word_1_122' title='bbox 911 1915 1082 2000; x_wconf 80' lang='lat' dir='ltr'><strong>beneficia,</strong></span> <span class='ocrx_word' id='word_1_123' title='bbox 1108 1938 1193 2000; x_wconf 88' lang='lat' dir='ltr'><strong>quae</strong></span> <span class='ocrx_word' id='word_1_124' title='bbox 1218 1923 1319 1980; x_wconf 85' lang='lat' dir='ltr'><strong>antea</strong></span> <span class='ocrx_word' id='word_1_125' title='bbox 1342 1913 1478 1981; x_wconf 85' lang='lat' dir='ltr'><strong>obtine-</strong></span> 
     </span>
     <span class='ocr_line' id='line_1_17' title="bbox 300 2020 1259 2106; baseline 0.003 -21"><span class='ocrx_word' id='word_1_126' title='bbox 300 2021 392 2106; x_wconf 84' lang='lat' dir='ltr'><strong>bant,</strong></span> <span class='ocrx_word' id='word_1_127' title='bbox 417 2043 484 2087; x_wconf 89' lang='lat' dir='ltr'><strong>non</strong></span> <span class='ocrx_word' id='word_1_128' title='bbox 511 2022 677 2088; x_wconf 79' lang='lat' dir='ltr'><strong>amittunt</strong></span> <span class='ocrx_word' id='word_1_129' title='bbox 714 2031 794 2088; x_wconf 79' lang='lat' dir='ltr'><strong>ante</strong></span> <span class='ocrx_word' id='word_1_130' title='bbox 832 2023 1037 2088; x_wconf 85' lang='lat' dir='ltr'><strong>senteutiam</strong></span> <span class='ocrx_word' id='word_1_131' title='bbox 1059 2020 1180 2087; x_wconf 90' lang='lat' dir='ltr'><strong>iudiois</strong></span> <span class='ocrx_word' id='word_1_132' title='bbox 1204 2024 1259 2105; x_wconf 81' lang='lat'>(3).</span> 
     </span>
    </p>

    <p class='ocr_par' dir='ltr' id='par_1_7' title="bbox 298 2128 1480 2324">
     <span class='ocr_line' id='line_1_18' title="bbox 390 2128 1480 2216; baseline 0 -22"><span class='ocrx_word' id='word_1_133' title='bbox 390 2128 551 2195; x_wconf 80' lang='lat' dir='ltr'><strong>Ceterum</strong></span> <span class='ocrx_word' id='word_1_134' title='bbox 574 2130 707 2216; x_wconf 87' lang='lat' dir='ltr'><strong>legibus</strong></span> <span class='ocrx_word' id='word_1_135' title='bbox 731 2131 980 2197; x_wconf 81' lang='lat' dir='ltr'><strong>Ecclesiastiois</strong></span> <span class='ocrx_word' id='word_1_136' title='bbox 1003 2129 1092 2196; x_wconf 86' lang='lat' dir='ltr'><strong>siout</strong></span> <span class='ocrx_word' id='word_1_137' title='bbox 1115 2131 1151 2196; x_wconf 85' lang='lat' dir='ltr'><strong>in</strong></span> <span class='ocrx_word' id='word_1_138' title='bbox 1174 2129 1260 2213; x_wconf 83' lang='lat' dir='ltr'><strong>aliis,</strong></span> <span class='ocrx_word' id='word_1_139' title='bbox 1286 2129 1336 2194; x_wconf 84' lang='lat' dir='ltr'><strong>ita</strong></span> <span class='ocrx_word' id='word_1_140' title='bbox 1365 2135 1401 2193; x_wconf 88' lang='lat' dir='ltr'><strong>et</strong></span> <span class='ocrx_word' id='word_1_141' title='bbox 1442 2128 1480 2194; x_wconf 91' lang='lat' dir='ltr'><strong>in</strong></span> 
     </span>
     <span class='ocr_line' id='line_1_19' title="bbox 298 2237 1257 2324; baseline -0.002 -20"><span class='ocrx_word' id='word_1_142' title='bbox 298 2239 362 2304; x_wconf 88' lang='lat' dir='ltr'><strong>hao</strong></span> <span class='ocrx_word' id='word_1_143' title='bbox 386 2259 422 2302; x_wconf 89' lang='lat' dir='ltr'><strong>re</strong></span> <span class='ocrx_word' id='word_1_144' title='bbox 446 2237 688 2304; x_wconf 76' lang='lat' dir='ltr'><strong>consuetudine</strong></span> <span class='ocrx_word' id='word_1_145' title='bbox 710 2237 865 2324; x_wconf 89' lang='lat' dir='ltr'><strong>legitima</strong></span> <span class='ocrx_word' id='word_1_146' title='bbox 887 2237 1044 2323; x_wconf 86' lang='lat' dir='ltr'><strong>derogari</strong></span> <span class='ocrx_word' id='word_1_147' title='bbox 1068 2244 1179 2324; x_wconf 89' lang='lat' dir='ltr'><strong>potest</strong></span> <span class='ocrx_word' id='word_1_148' title='bbox 1201 2238 1257 2320; x_wconf 86' lang='grc'>(4).</span> 
     </span>
    </p>

    <p class='ocr_par' dir='ltr' id='par_1_8' title="bbox 298 2341 1477 2646">
     <span class='ocr_line' id='line_1_20' title="bbox 388 2341 1477 2428; baseline -0.002 -20"><span class='ocrx_word' id='word_1_149' title='bbox 388 2347 464 2410; x_wconf 84' lang='grc'><strong>234.</strong></span> <span class='ocrx_word' id='word_1_150' title='bbox 488 2346 669 2412; x_wconf 83' lang='lat' dir='ltr'><strong>Praeterea</strong></span> <span class='ocrx_word' id='word_1_151' title='bbox 703 2353 755 2410; x_wconf 84' lang='lat' dir='ltr'><strong>est</strong></span> <span class='ocrx_word' id='word_1_152' title='bbox 784 2344 927 2410; x_wconf 89' lang='lat' dir='ltr'><strong>simonia</strong></span> <span class='ocrx_word' id='word_1_153' title='bbox 949 2343 1034 2409; x_wconf 92' lang='lat' dir='ltr'><strong>iuris</strong></span> <span class='ocrx_word' id='word_1_154' title='bbox 1057 2343 1166 2409; x_wconf 88' lang='lat' dir='ltr'><strong>divini</strong></span> <span class='ocrx_word' id='word_1_155' title='bbox 1190 2341 1394 2428; x_wconf 72' lang='lat' dir='ltr'><strong>promittere</strong></span> <span class='ocrx_word' id='word_1_156' title='bbox 1420 2343 1477 2408; x_wconf 82' lang='lat' dir='ltr'><strong>vel</strong></span> 
     </span>
     <span class='ocr_line' id='line_1_21' title="bbox 298 2449 1476 2539; baseline -0.003 -21"><span class='ocrx_word' id='word_1_157' title='bbox 298 2454 389 2538; x_wconf 84' lang='lat' dir='ltr'><strong>dare,</strong></span> <span class='ocrx_word' id='word_1_158' title='bbox 425 2452 560 2539; x_wconf 81' lang='lat' dir='ltr'><strong>exigere</strong></span> <span class='ocrx_word' id='word_1_159' title='bbox 595 2455 650 2518; x_wconf 88' lang='lat' dir='ltr'><strong>vel</strong></span> <span class='ocrx_word' id='word_1_160' title='bbox 673 2453 825 2538; x_wconf 87' lang='lat' dir='ltr'><strong>aooipere</strong></span> <span class='ocrx_word' id='word_1_161' title='bbox 848 2452 978 2538; x_wconf 86' lang='lat' dir='ltr'><strong>aliquid</strong></span> <span class='ocrx_word' id='word_1_162' title='bbox 1000 2452 1186 2538; x_wconf 87' lang='lat' dir='ltr'><strong>temporale</strong></span> <span class='ocrx_word' id='word_1_163' title='bbox 1225 2473 1288 2536; x_wconf 87' lang='lat' dir='ltr'><strong>pro</strong></span> <span class='ocrx_word' id='word_1_164' title='bbox 1313 2449 1476 2535; x_wconf 86' lang='lat' dir='ltr'><strong>ingressu</strong></span> 
     </span>
     <span class='ocr_line' id='line_1_22' title="bbox 298 2557 1476 2646; baseline -0.002 -22"><span class='ocrx_word' id='word_1_165' title='bbox 298 2559 489 2645; x_wconf 84' lang='lat' dir='ltr'><strong>Religionis</strong></span> <span class='ocrx_word' id='word_1_166' title='bbox 513 2560 584 2626; x_wconf 85' lang='lat' dir='ltr'><strong>sive</strong></span> <span class='ocrx_word' id='word_1_167' title='bbox 608 2559 761 2646; x_wconf 88' lang='lat' dir='ltr'><strong>ingressu</strong></span> <span class='ocrx_word' id='word_1_168' title='bbox 785 2559 822 2624; x_wconf 92' lang='lat' dir='ltr'><strong>in</strong></span> <span class='ocrx_word' id='word_1_169' title='bbox 844 2559 1071 2644; x_wconf 85' lang='lat' dir='ltr'><strong>Novitiatum,</strong></span> <span class='ocrx_word' id='word_1_170' title='bbox 1096 2558 1171 2624; x_wconf 89' lang='lat' dir='ltr'><strong>sive</strong></span> <span class='ocrx_word' id='word_1_171' title='bbox 1187 2557 1306 2624; x_wconf 79' lang='lat' dir='ltr'><strong>stricte</strong></span> <span class='ocrx_word' id='word_1_172' title='bbox 1319 2579 1382 2644; x_wconf 84' lang='lat' dir='ltr'><strong>pro</strong></span> <span class='ocrx_word' id='word_1_173' title='bbox 1400 2557 1476 2644; x_wconf 90' lang='lat' dir='ltr'><strong>ipsa</strong></span> 
     </span>
    </p>
   </div>
   <div class='ocr_carea' id='block_1_5' title="bbox 298 2663 1473 2839">
    <p class='ocr_par' dir='ltr' id='par_1_9' title="bbox 298 2663 1473 2839">
     <span class='ocr_line' id='line_1_23' title="bbox 298 2663 1473 2753; baseline -0.003 -21"><span class='ocrx_word' id='word_1_174' title='bbox 298 2666 512 2753; x_wconf 83' lang='lat' dir='ltr'><strong>professione,</strong></span> <span class='ocrx_word' id='word_1_175' title='bbox 538 2667 609 2732; x_wconf 83' lang='lat' dir='ltr'><strong>siue</strong></span> <span class='ocrx_word' id='word_1_176' title='bbox 632 2689 694 2752; x_wconf 91' lang='lat' dir='ltr'><strong>pro</strong></span> <span class='ocrx_word' id='word_1_177' title='bbox 716 2665 919 2732; x_wconf 88' lang='lat' dir='ltr'><strong>admissione</strong></span> <span class='ocrx_word' id='word_1_178' title='bbox 941 2665 978 2730; x_wconf 91' lang='lat' dir='ltr'><strong>in</strong></span> <span class='ocrx_word' id='word_1_179' title='bbox 1000 2664 1216 2732; x_wconf 79' lang='lat' dir='ltr'><strong>Novitiatum</strong></span> <span class='ocrx_word' id='word_1_180' title='bbox 1241 2671 1301 2730; x_wconf 81' lang='lat' dir='ltr'><strong>aut</strong></span> <span class='ocrx_word' id='word_1_181' title='bbox 1324 2663 1368 2730; x_wconf 88' lang='lat' dir='ltr'><strong>ad</strong></span> <span class='ocrx_word' id='word_1_182' title='bbox 1393 2663 1473 2729; x_wconf 93' lang='lat' dir='ltr'><strong>Pro-</strong></span> 
     </span>
     <span class='ocr_line' id='line_1_24' title="bbox 298 2755 554 2839; baseline 0.008 -19"><span class='ocrx_word' id='word_1_183' title='bbox 298 2755 477 2822; x_wconf 84' lang='lat' dir='ltr'><strong>fessionem</strong></span> <span class='ocrx_word' id='word_1_184' title='bbox 501 2761 554 2839; x_wconf 73' lang='grc' dir='ltr'>(ὅ).</span> 
     </span>
    </p>
   </div>
   <div class='ocr_carea' id='block_1_6' title="bbox 297 2859 1473 3380">
    <p class='ocr_par' dir='ltr' id='par_1_10' title="bbox 297 2859 1473 3380">
     <span class='ocr_line' id='line_1_25' title="bbox 388 2859 1472 2946; baseline -0.002 -20"><span class='ocrx_word' id='word_1_185' title='bbox 388 2861 536 2928; x_wconf 81' lang='lat' dir='ltr'><strong>Licitum</strong></span> <span class='ocrx_word' id='word_1_186' title='bbox 561 2869 675 2928; x_wconf 87' lang='lat' dir='ltr'><strong>tamen</strong></span> <span class='ocrx_word' id='word_1_187' title='bbox 698 2873 748 2928; x_wconf 87' lang='lat' dir='ltr'><strong>est</strong></span> <span class='ocrx_word' id='word_1_188' title='bbox 771 2870 806 2928; x_wconf 84' lang='lat' dir='ltr'><strong>ot</strong></span> <span class='ocrx_word' id='word_1_189' title='bbox 827 2885 895 2928; x_wconf 89' lang='lat' dir='ltr'><strong>non</strong></span> <span class='ocrx_word' id='word_1_190' title='bbox 918 2861 1139 2929; x_wconf 81' lang='lat' dir='ltr'><strong>simoniacum</strong></span> <span class='ocrx_word' id='word_1_191' title='bbox 1162 2861 1205 2926; x_wconf 93' lang='lat' dir='ltr'><strong>ab</strong></span> <span class='ocrx_word' id='word_1_192' title='bbox 1229 2859 1395 2946; x_wconf 87' lang='lat' dir='ltr'><strong>ingressis</strong></span> <span class='ocrx_word' id='word_1_193' title='bbox 1418 2861 1472 2925; x_wconf 84' lang='lat' dir='ltr'><strong>vel</strong></span> 
     </span>
     <span class='ocr_line' id='line_1_26' title="bbox 297 2967 1473 3055; baseline -0.003 -21"><span class='ocrx_word' id='word_1_194' title='bbox 297 2969 501 3055; x_wconf 88' lang='lat' dir='ltr'><strong>ingressuris</strong></span> <span class='ocrx_word' id='word_1_195' title='bbox 525 2970 740 3055; x_wconf 83' lang='lat' dir='ltr'><strong>Religionem</strong></span> <span class='ocrx_word' id='word_1_196' title='bbox 763 2969 893 3054; x_wconf 88' lang='lat' dir='ltr'><strong>aliquid</strong></span> <span class='ocrx_word' id='word_1_197' title='bbox 916 2969 1103 3054; x_wconf 86' lang='lat' dir='ltr'><strong>temporale</strong></span> <span class='ocrx_word' id='word_1_198' title='bbox 1126 2989 1193 3034; x_wconf 91' lang='lat' dir='ltr'><strong>non</strong></span> <span class='ocrx_word' id='word_1_199' title='bbox 1215 2975 1354 3032; x_wconf 86' lang='lat' dir='ltr'><strong>tantum</strong></span> <span class='ocrx_word' id='word_1_200' title='bbox 1390 2967 1473 3032; x_wconf 84' lang='lat' dir='ltr'><strong>aoei-</strong></span> 
     </span>
     <span class='ocr_line' id='line_1_27' title="bbox 298 3073 1467 3164; baseline -0.003 -22"><span class='ocrx_word' id='word_1_201' title='bbox 298 3100 378 3164; x_wconf 91' lang='lat' dir='ltr'><strong>pere</strong></span> <span class='ocrx_word' id='word_1_202' title='bbox 400 3087 519 3164; x_wconf 90' lang='lat' dir='ltr'><strong>sponte</strong></span> <span class='ocrx_word' id='word_1_203' title='bbox 543 3079 703 3162; x_wconf 82' lang='lat' dir='ltr'><strong>oblatum,</strong></span> <span class='ocrx_word' id='word_1_204' title='bbox 729 3077 786 3142; x_wconf 88' lang='lat' dir='ltr'><strong>sed</strong></span> <span class='ocrx_word' id='word_1_205' title='bbox 809 3077 911 3142; x_wconf 86' lang='lat' dir='ltr'><strong>etiam</strong></span> <span class='ocrx_word' id='word_1_206' title='bbox 934 3077 976 3141; x_wconf 90' lang='lat' dir='ltr'><strong>de</strong></span> <span class='ocrx_word' id='word_1_207' title='bbox 999 3098 1038 3142; x_wconf 87' lang='lat' dir='ltr'><strong>eo</strong></span> <span class='ocrx_word' id='word_1_208' title='bbox 1061 3073 1185 3162; x_wconf 85' lang='lat' dir='ltr'><strong>paoisoi</strong></span> <span class='ocrx_word' id='word_1_209' title='bbox 1215 3076 1309 3140; x_wconf 70' lang='lat' dir='ltr'><strong>titum</strong></span> <span class='ocrx_word' id='word_1_210' title='bbox 1349 3082 1467 3140; x_wconf 72' lang='lat' dir='ltr'><strong>masten-</strong></span> 
     </span>
     <span class='ocr_line' id='line_1_28' title="bbox 299 3181 1472 3270; baseline -0.005 -18"><span class='ocrx_word' id='word_1_211' title='bbox 299 3189 428 3252; x_wconf 78' lang='lat' dir='ltr'><strong>tutioais</strong></span> <span class='ocrx_word' id='word_1_212' title='bbox 451 3187 478 3252; x_wconf 88' lang='lat' dir='ltr'><strong>si</strong></span> <span class='ocrx_word' id='word_1_213' title='bbox 502 3185 748 3254; x_wconf 78' lang='lat' dir='ltr'><strong>monasterium</strong></span> <span class='ocrx_word' id='word_1_214' title='bbox 767 3193 818 3250; x_wconf 80' lang='lat' dir='ltr'><strong>est</strong></span> <span class='ocrx_word' id='word_1_215' title='bbox 851 3184 958 3270; x_wconf 87' lang='lat' dir='ltr'><strong>inops,</strong></span> <span class='ocrx_word' id='word_1_216' title='bbox 995 3192 1030 3250; x_wconf 86' lang='lat' dir='ltr'><strong>et</strong></span> <span class='ocrx_word' id='word_1_217' title='bbox 1065 3185 1155 3250; x_wconf 82' lang='lat' dir='ltr'><strong>tilulo</strong></span> <span class='ocrx_word' id='word_1_218' title='bbox 1192 3184 1277 3247; x_wconf 68' lang='lat' dir='ltr'><strong>dotas</strong></span> <span class='ocrx_word' id='word_1_219' title='bbox 1306 3182 1391 3248; x_wconf 85' lang='lat' dir='ltr'><strong>lieet</strong></span> <span class='ocrx_word' id='word_1_220' title='bbox 1430 3181 1472 3248; x_wconf 86' lang='lat' dir='ltr'><strong>sit</strong></span> 
     </span>
     <span class='ocr_line' id='line_1_29' title="bbox 297 3293 1117 3380; baseline -0.002 -21"><span class='ocrx_word' id='word_1_221' title='bbox 297 3295 392 3360; x_wconf 88' lang='lat' dir='ltr'><strong>dives</strong></span> <span class='ocrx_word' id='word_1_222' title='bbox 414 3302 448 3360; x_wconf 88' lang='lat' dir='ltr'><strong>et</strong></span> <span class='ocrx_word' id='word_1_223' title='bbox 469 3295 572 3380; x_wconf 91' lang='lat' dir='ltr'><strong>probe</strong></span> <span class='ocrx_word' id='word_1_224' title='bbox 596 3294 779 3360; x_wconf 87' lang='lat' dir='ltr'><strong>fundatum</strong></span> <span class='ocrx_word' id='word_1_225' title='bbox 803 3293 858 3358; x_wconf 88' lang='lat' dir='ltr'><strong>vel</strong></span> <span class='ocrx_word' id='word_1_226' title='bbox 880 3293 1070 3374; x_wconf 83' lang='lat' dir='ltr'><strong>dotatum(</strong></span> <span class='ocrx_word' id='word_1_227' title='bbox 1097 3297 1117 3373; x_wconf 93' lang='grc'><strong>).</strong></span> 
     </span>
    </p>
   </div>
   <div class='ocr_carea' id='block_1_7' title="bbox 428 3507 1326 4004">
    <p class='ocr_par' dir='ltr' id='par_1_11' title="bbox 430 3507 974 3577">
     <span class='ocr_line' id='line_1_30' title="bbox 430 3507 974 3577; baseline 0 -13"><span class='ocrx_word' id='word_1_228' title='bbox 430 3510 512 3566; x_wconf 79' lang='lat' dir='ltr'><strong>Trid.</strong></span> <span class='ocrx_word' id='word_1_229' title='bbox 532 3527 597 3564; x_wconf 89' lang='lat' dir='ltr'><strong>sess</strong></span> <span class='ocrx_word' id='word_1_230' title='bbox 616 3511 659 3577; x_wconf 84' lang='lat'><strong>25,</strong></span> <span class='ocrx_word' id='word_1_231' title='bbox 680 3509 725 3562; x_wconf 92' lang='lat' dir='ltr'><strong>De</strong></span> <span class='ocrx_word' id='word_1_232' title='bbox 745 3507 876 3576; x_wconf 77' lang='lat' dir='ltr'><strong>reform,</strong></span> <span class='ocrx_word' id='word_1_233' title='bbox 896 3525 921 3562; x_wconf 88' lang='lat' dir='ltr'><strong>o.</strong></span> <span class='ocrx_word' id='word_1_234' title='bbox 941 3509 974 3564; x_wconf 79' lang='lat'><strong>18</strong></span> 
     </span>
    </p>

    <p class='ocr_par' dir='ltr' id='par_1_12' title="bbox 428 3593 1070 3683">
     <span class='ocr_line' id='line_1_31' title="bbox 428 3593 1070 3683; baseline -0.005 -11"><span class='ocrx_word' id='word_1_235' title='bbox 428 3617 510 3672; x_wconf 76' lang='lat' dir='ltr'><strong>Trid.</strong></span> <span class='ocrx_word' id='word_1_236' title='bbox 529 3632 595 3672; x_wconf 84' lang='lat' dir='ltr'><strong>sess</strong></span> <span class='ocrx_word' id='word_1_237' title='bbox 613 3616 657 3670; x_wconf 87' lang='grc'><strong>24.</strong></span> <span class='ocrx_word' id='word_1_238' title='bbox 677 3615 722 3670; x_wconf 84' lang='lat' dir='ltr'><strong>Do</strong></span> <span class='ocrx_word' id='word_1_239' title='bbox 741 3613 874 3683; x_wconf 68' lang='lat' dir='ltr'><strong>reform„</strong></span> <span class='ocrx_word' id='word_1_240' title='bbox 893 3631 918 3668; x_wconf 87' lang='lat' dir='ltr'><strong>a.</strong></span> <span class='ocrx_word' id='word_1_241' title='bbox 934 3593 970 3670; x_wconf 43' lang='lat'><strong>⁴18</strong></span> <span class='ocrx_word' id='word_1_242' title='bbox 1068 3637 1070 3640; x_wconf 93' lang='lat'>·</span> 
     </span>
    </p>

    <p class='ocr_par' dir='ltr' id='par_1_13' title="bbox 430 3719 892 3790">
     <span class='ocr_line' id='line_1_32' title="bbox 430 3719 892 3790; baseline -0.006 -14"><span class='ocrx_word' id='word_1_243' title='bbox 430 3721 490 3778; x_wconf 87' lang='lat' dir='ltr'><strong>Ot&#39;r.</strong></span> <span class='ocrx_word' id='word_1_244' title='bbox 511 3723 541 3778; x_wconf 80' lang='lat' dir='ltr'><strong>S.</strong></span> <span class='ocrx_word' id='word_1_245' title='bbox 561 3724 648 3790; x_wconf 77' lang='lat' dir='ltr'><strong>Alpa.</strong></span> <span class='ocrx_word' id='word_1_246' title='bbox 669 3719 722 3774; x_wconf 93' lang='lat' dir='ltr'><strong>lib.</strong></span> <span class='ocrx_word' id='word_1_247' title='bbox 741 3721 766 3787; x_wconf 82' lang='lat'><strong>3,</strong></span> <span class='ocrx_word' id='word_1_248' title='bbox 786 3720 810 3785; x_wconf 88' lang='grc'><strong>4,</strong></span> <span class='ocrx_word' id='word_1_249' title='bbox 833 3722 892 3774; x_wconf 90' lang='grc'><strong>112.</strong></span> 
     </span>
    </p>

    <p class='ocr_par' dir='ltr' id='par_1_14' title="bbox 431 3829 842 3900">
     <span class='ocr_line' id='line_1_33' title="bbox 431 3829 842 3900; baseline -0.01 -16"><span class='ocrx_word' id='word_1_250' title='bbox 431 3833 558 3887; x_wconf 64' lang='lat' dir='ltr'><strong>fiscella</strong></span> <span class='ocrx_word' id='word_1_251' title='bbox 578 3829 619 3896; x_wconf 84' lang='lat'><strong>11,</strong></span> <span class='ocrx_word' id='word_1_252' title='bbox 640 3847 668 3883; x_wconf 92' lang='lat' dir='ltr'><strong>n.</strong></span> <span class='ocrx_word' id='word_1_253' title='bbox 686 3829 740 3884; x_wconf 85' lang='grc'><strong>445</strong></span> <span class='ocrx_word' id='word_1_254' title='bbox 760 3845 842 3900; x_wconf 84' lang='lat' dir='ltr'><strong>seqq.</strong></span> 
     </span>
    </p>

    <p class='ocr_par' dir='ltr' id='par_1_15' title="bbox 429 3934 1326 4004">
     <span class='ocr_line' id='line_1_34' title="bbox 429 3934 1326 4004; baseline -0.002 -11"><span class='ocrx_word' id='word_1_255' title='bbox 429 3937 488 3992; x_wconf 82' lang='lat'><strong>00.</strong></span> <span class='ocrx_word' id='word_1_256' title='bbox 505 3939 531 4002; x_wconf 88' lang='lat'><strong>8,</strong></span> <span class='ocrx_word' id='word_1_257' title='bbox 552 3937 594 4001; x_wconf 82' lang='lat'><strong>19,</strong></span> <span class='ocrx_word' id='word_1_258' title='bbox 613 3937 657 4004; x_wconf 80' lang='lat'><strong>25,</strong></span> <span class='ocrx_word' id='word_1_259' title='bbox 675 3935 765 4004; x_wconf 86' lang='lat'>40,41;</span> <span class='ocrx_word' id='word_1_260' title='bbox 783 3934 908 3990; x_wconf 84' lang='lat' dir='ltr'><strong>Extrav.</strong></span> <span class='ocrx_word' id='word_1_261' title='bbox 927 3935 1032 3992; x_wconf 81' lang='lat' dir='ltr'><strong>saneI</strong></span> <span class='ocrx_word' id='word_1_262' title='bbox 1054 3934 1109 3990; x_wconf 84' lang='lat' dir='ltr'><strong>int.</strong></span> <span class='ocrx_word' id='word_1_263' title='bbox 1129 3953 1232 3992; x_wconf 86' lang='lat' dir='ltr'><strong>oomm.</strong></span> <span class='ocrx_word' id='word_1_264' title='bbox 1253 3935 1282 3995; x_wconf 91' lang='lat' dir='ltr'><strong>h.</strong></span> <span class='ocrx_word' id='word_1_265' title='bbox 1303 3943 1326 3992; x_wconf 89' lang='lat' dir='ltr'><strong>t.</strong></span> 
     </span>
    </p>
   </div>
   <div class='ocr_carea' id='block_1_8' title="bbox 296 4041 1473 4202">
    <p class='ocr_par' dir='ltr' id='par_1_16' title="bbox 296 4041 1473 4202">
     <span class='ocr_line' id='line_1_35' title="bbox 425 4041 1473 4114; baseline 0.003 -13"><span class='ocrx_word' id='word_1_266' title='bbox 425 4063 448 4100; x_wconf 88' lang='lat' dir='ltr'><strong>s.</strong></span> <span class='ocrx_word' id='word_1_267' title='bbox 469 4047 606 4112; x_wconf 82' lang='lat' dir='ltr'><strong>Thomas,</strong></span> <span class='ocrx_word' id='word_1_268' title='bbox 626 4043 650 4110; x_wconf 81' lang='lat'><strong>3,</strong></span> <span class='ocrx_word' id='word_1_269' title='bbox 669 4045 695 4110; x_wconf 85' lang='lat'><strong>2,</strong></span> <span class='ocrx_word' id='word_1_270' title='bbox 716 4061 743 4114; x_wconf 93' lang='lat' dir='ltr'><strong>q.</strong></span> <span class='ocrx_word' id='word_1_271' title='bbox 763 4043 822 4108; x_wconf 86' lang='lat'>100,</span> <span class='ocrx_word' id='word_1_272' title='bbox 841 4060 868 4098; x_wconf 85' lang='lat' dir='ltr'><strong>a.</strong></span> <span class='ocrx_word' id='word_1_273' title='bbox 885 4043 903 4098; x_wconf 85' lang='lat'><strong>3</strong></span> <span class='ocrx_word' id='word_1_274' title='bbox 922 4041 960 4096; x_wconf 87' lang='lat' dir='ltr'><strong>ad</strong></span> <span class='ocrx_word' id='word_1_275' title='bbox 978 4042 1005 4112; x_wconf 84' lang='lat'><strong>4;</strong></span> <span class='ocrx_word' id='word_1_276' title='bbox 1024 4043 1144 4109; x_wconf 72' lang='lat' dir='ltr'><strong>Saurea,</strong></span> <span class='ocrx_word' id='word_1_277' title='bbox 1163 4041 1184 4096; x_wconf 95' lang='lat' dir='ltr'><strong>l.</strong></span> <span class='ocrx_word' id='word_1_278' title='bbox 1205 4043 1230 4110; x_wconf 88' lang='grc'><strong>4,</strong></span> <span class='ocrx_word' id='word_1_279' title='bbox 1251 4044 1289 4100; x_wconf 83' lang='lat' dir='ltr'><strong>de</strong></span> <span class='ocrx_word' id='word_1_280' title='bbox 1304 4045 1423 4103; x_wconf 85' lang='lat' dir='ltr'><strong>Simon.</strong></span> <span class='ocrx_word' id='word_1_281' title='bbox 1443 4049 1473 4106; x_wconf 84' lang='lat'><strong>0.</strong></span> 
     </span>
     <span class='ocr_line' id='line_1_36' title="bbox 296 4131 1113 4202; baseline 0 -12"><span class='ocrx_word' id='word_1_282' title='bbox 296 4136 330 4190; x_wconf 85' lang='grc'><strong>17</strong></span> <span class='ocrx_word' id='word_1_283' title='bbox 350 4152 378 4188; x_wconf 91' lang='lat' dir='ltr'><strong>n.</strong></span> <span class='ocrx_word' id='word_1_284' title='bbox 399 4135 442 4190; x_wconf 85' lang='grc'><strong>18.</strong></span> <span class='ocrx_word' id='word_1_285' title='bbox 461 4132 523 4190; x_wconf 80' lang='lat' dir='ltr'><strong>cfr.</strong></span> <span class='ocrx_word' id='word_1_286' title='bbox 542 4135 583 4188; x_wconf 89' lang='lat' dir='ltr'><strong>M.</strong></span> <span class='ocrx_word' id='word_1_287' title='bbox 598 4134 749 4200; x_wconf 77' lang='lat' dir='ltr'><strong>DaLuca,</strong></span> <span class='ocrx_word' id='word_1_288' title='bbox 769 4132 789 4185; x_wconf 94' lang='lat' dir='ltr'><strong>l.</strong></span> <span class='ocrx_word' id='word_1_289' title='bbox 808 4149 833 4188; x_wconf 85' lang='lat' dir='ltr'><strong>o.</strong></span> <span class='ocrx_word' id='word_1_290' title='bbox 850 4131 899 4187; x_wconf 82' lang='lat' dir='ltr'><strong>tit.</strong></span> <span class='ocrx_word' id='word_1_291' title='bbox 918 4131 1037 4195; x_wconf 75' lang='lat' dir='ltr'><strong>xx1x,</strong></span> <span class='ocrx_word' id='word_1_292' title='bbox 1065 4181 1070 4190; x_wconf 75' lang='grc'>,</span> <span class='ocrx_word' id='word_1_293' title='bbox 1097 4163 1113 4202; x_wconf 75' lang='grc'><strong>,-</strong></span> 
     </span>
    </p>
   </div>
   <div class='ocr_carea' id='block_1_9' title="bbox 0 0 1604 4890">
    <p class='ocr_par' dir='ltr' id='par_1_17' title="bbox 0 0 1604 4890">
     <span class='ocr_line' id='line_1_37' title="bbox 0 0 1604 4890; baseline 0 2"><span class='ocrx_word' id='word_1_294' title='bbox 0 0 1604 4890; x_wconf 95' lang='lat' dir='ltr'><strong> </strong></span> 
     </span>
    </p>
   </div>
  </div>
 </body>
</html>
