3220 4898
312 284 365 338 226

302 428 433 495 scilieet
456 427 493 492 in
516 428 626 510 choro,
649 426 686 491 in
710 427 868 511 capitulo,
894 425 931 490 in
962 426 1231 511 processionibus
1265 436 1319 494 etc
1343 434 1399 513 (1);
1437 439 1467 494 et

303 539 414 624 quoad
437 535 663 600 assistentiam
686 533 723 598 in
746 533 887 598 ecclesia
911 533 1097 600 cathedrali
1122 535 1177 600 vel
1200 535 1237 600 in
1260 536 1337 602 aliis
1371 539 1467 602 cccle-

302 643 372 724 siis,
396 643 450 708 vel
473 642 510 707 in
532 641 675 707 dioecesi
699 643 755 723 (2).
782 640 983 706 Obedientia
1008 640 1107 706 iustis
1132 643 1302 709 mandatis
1330 654 1365 709 et
1387 645 1467 710 iudi-

303 751 364 815 ciis
387 747 548 834 Episcopi
573 753 584 829 (
610 755 629 829 ).

392 860 445 922 54.
470 857 526 921 Ad
549 855 622 920 eius
645 862 848 940 potestatem
870 865 985 920 autem
1007 855 1044 920 in
1067 855 1362 923 administratione
1385 860 1469 925 dice-

302 965 395 1048 ccsis,
420 965 508 1049 quod
532 970 671 1049 spectat,
696 961 948 1047 distinguamus
971 971 1103 1048 oportet
1127 963 1325 1049 Capitulum
1341 965 1378 1030 in
1401 971 1470 1032 aede

210 1061 213 1067 ⁴
295 1077 401 1158 plena
416 1071 471 1136 vel
483 1071 646 1155 impedita
661 1070 716 1135 vel
729 1077 877 1136 vacante.
894 1071 936 1134 In
953 1072 1027 1134 seda
1045 1073 1147 1154 plena
1167 1071 1367 1157 Capitulum
1383 1082 1469 1140 caret

301 1202 383 1246 vera
406 1187 441 1244 et
463 1177 602 1263 propria
624 1176 867 1242 iurisdictione.
893 1177 1084 1262 Episcopus
1108 1185 1222 1244 tamen
1245 1202 1313 1246 non
1335 1181 1470 1247 deberet

300 1286 430 1371 aliquid
455 1284 534 1350 novi
558 1283 673 1369 gravis
697 1283 857 1349 momenti
883 1284 1009 1368 absque
1035 1283 1186 1368 Capituli
1210 1307 1272 1371 ope
1288 1309 1391 1372 agere
1415 1289 1467 1370 (4).

301 1391 505 1458 Canonistae
529 1413 625 1456 casus
647 1389 829 1475 adsignant
852 1391 986 1475 quibus
999 1398 1136 1456 tenetur
1170 1393 1361 1479 Episcopus
1397 1417 1469 1460 con-

300 1522 436 1566 sensum
459 1498 514 1562 vel
537 1504 672 1562 tantum
695 1497 873 1562 consilium
895 1505 1011 1583 petere
1035 1521 1054 1564 a
1079 1497 1249 1584 Capitulo.
1274 1500 1470 1566 Generatim

301 1627 480 1672 consensus
504 1602 692 1688 requiritur
713 1603 750 1668 in
773 1603 928 1669 omnibus
952 1605 1097 1690 negotiis
1136 1605 1348 1691 gravissimis
1388 1631 1471 1692 quac
1569 1617 1570 1630 ¹

300 1713 487 1797 important
509 1709 694 1776 notabilem
728 1717 763 1774 et
800 1719 1000 1795 perpetuam
1033 1711 1274 1797 obligationem
1313 1715 1471 1780 ecclesiae

300 1819 355 1884 vel
379 1817 634 1882 successoribus
650 1817 706 1880 Ita
728 1840 780 1880 ex.
804 1839 854 1902 gr.
873 1817 909 1882 in
933 1817 1099 1902 uniendis⁷
1117 1818 1320 1904 diuidendis,
1338 1821 1471 1906 suppri-

300 1922 432 1988 mendis
455 1920 635 2002 beneficiis
669 1919 705 1985 in
740 1921 953 1988 institutione
989 1945 1154 1988 novorum
1193 1925 1470 1991 canonicatuum:

300 2030 435 2114 quando
458 2027 687 2092 contrahenda
724 2035 775 2092 cst
808 2029 971 2114 obligatio
1005 2031 1048 2095 ab
1083 2029 1223 2096 ecclesia
1261 2054 1312 2096 ex.
1349 2054 1401 2116 gr.
1437 2034 1472 2097 in

300 2135 462 2220 deposita,
486 2133 686 2199 fideiussone
709 2142 769 2198 aut
791 2141 910 2202 mutuo
926 2144 989 2202 ete.
1006 2140 1061 2217 (5).
1079 2135 1266 2202 Consilium
1281 2138 1473 2224 exquiritur

299 2243 336 2307 in
359 2241 505 2327 negotiis
528 2240 655 2306 ordinis
678 2248 712 2306 et
734 2241 855 2327 dubiis,
883 2265 915 2308 v.
939 2265 991 2328 gr.
1015 2243 1052 2308 in
1075 2243 1118 2308 iis
1157 2245 1347 2310 statuendis
1386 2269 1471 2332 quae

299 2352 342 2416 ad
366 2350 523 2416 divinum
546 2347 695 2414 officium
718 2349 755 2412 in
777 2349 918 2415 ecclesia
952 2351 1191 2417 celebrandum
1227 2359 1261 2416 et
1294 2353 1338 2418 ad
1372 2355 1471 2420 mini-

299 2465 447 2524 strorum
470 2456 621 2541 regimen
643 2455 849 2521 referuntur:
873 2456 909 2521 in
927 2458 1137 2542 procedendo
1152 2467 1269 2524 contra
1284 2461 1471 2546 canonicos
1568 2469 1569 2482 ¹

298 2565 336 2630 in
359 2563 573 2649 subrogando
596 2561 702 2627 iudici
726 2563 889 2647 synodali,
916 2565 970 2629 vel
995 2563 1199 2631 nominando
1225 2565 1337 2632 iudice
1352 2590 1470 2654 prosy·
1568 2577 1569 2588 ¹

297 2671 412 2738 nodali
436 2679 499 2736 sto.
525 2671 582 2753 (6).

388 2778 461 2842 Hac
483 2785 599 2842 tamen
622 2776 658 2840 in
681 2798 717 2840 re
741 2775 928 2860 plurimum
951 2776 1172 2842 deferendum
1210 2786 1263 2844 est
1296 2779 1471 2865 legitimae

298 2882 534 2950 consuetudini
558 2885 614 2965 (7).

372 3079 412 3149 (1)
433 3081 514 3135 Trt'd.
534 3094 609 3133 sess.
628 3077 725 3145 XXV,
746 3095 770 3134 c.
789 3080 813 3145 6,
834 3079 870 3132 de
890 3078 946 3133 ref.

369 3185 409 3258 (2)
429 3189 536 3242 Bened.
554 3188 641 3253 XIV,
661 3186 737 3241 Inst.
757 3187 860 3242 n.107.

368 3295 407 3364 (3)
428 3292 490 3348 Cfr.
508 3296 615 3360 Beata,
636 3292 654 3349 l.
674 3311 698 3348 c.
718 3311 746 3364 p.
765 3294 827 3360 244,
846 3295 908 3356 260,
927 3294 989 3360 267;
1016 3299 1124 3362 Weraz,
1145 3295 1165 3352 l.
1184 3313 1209 3350 0.
1226 3314 1255 3352 n.
1274 3297 1335 3352 191.

368 3400 407 3468 (4)
427 3399 490 3456 Cfr.
509 3401 629 3458 Deerat.
649 3399 771 3474 TitDe
791 3403 927 3471 hisquae
946 3401 1023 3470 finnt
1043 3407 1115 3469 otc.;
1144 3405 1214 3458 Ben.
1240 3405 1326 3472 XIV,
1356 3404 1396 3458 ds
1424 3421 1469 3476 sy·

297 3489 386 3560 nodo,
407 3489 460 3544 lib.
480 3487 570 3555 XIII,
591 3506 617 3541 0.
637 3488 655 3542 l.
675 3506 704 3542 n.
723 3491 749 3555 5,
768 3490 794 3556 6;
815 3490 943 3553 Gt'raldi,
966 3505 1013 3560 op.
1033 3490 1084 3544 cit.
1105 3489 1138 3544 P.
1158 3491 1185 3560 1,
1204 3497 1277 3545 sect.
1290 3491 1353 3562 4323
1374 3495 1469 3560 Santi,

296 3595 345 3643 op.
363 3595 398 3645 0.,
417 3595 442 3631 0.
461 3576 520 3644 ΙΙΙ,
541 3575 595 3632 lib.
614 3575 648 3631 V.

367 3685 407 3755 (5)
427 3686 533 3748 Bonis,
553 3682 574 3738 l.
593 3700 617 3736 0.
637 3701 665 3754 p.
683 3684 719 3739 65
746 3699 837 3756 seqq.
868 3683 919 3738 193
939 3700 1033 3757 seqq.;
1057 3685 1218 3753 Vescinus,
1238 3703 1286 3757 op.
1304 3687 1357 3742 cit.
1387 3688 1411 3754 1,
1442 3705 1467 3743 c.
1567 3713 1568 3776 3

294 3771 366 3839 VII,
385 3770 405 3844 ξ
424 3773 469 3841 60,
488 3774 583 3839 Santi,
605 3772 625 3826 1.
644 3789 669 3827 0.

368 3879 408 3948 (6)
429 3877 520 3934 Cone.
540 3879 623 3933 Trid.
642 3895 719 3934 sess.
736 3878 834 3945 XXV,
855 3897 880 3934 0.
900 3877 934 3934 10
947 3878 983 3932 ds
1005 3878 1070 3947 ref.;
1098 3882 1157 3937 Ios.
1186 3882 1318 3949 Parrasi,
1350 3899 1399 3954 op.
1418 3883 1467 3939 cit.

293 3969 319 4036 Ι,
339 3985 369 4023 n.
389 3968 449 4023 193.

367 4073 406 4143 (7)
425 4073 585 4129 Hactenus
605 4091 684 4140 vero,
705 4073 813 4129 scribit
833 4077 1007 4142 nausearet,
1029 4075 1065 4130 de
1086 4076 1199 4130 tuenda
1218 4093 1292 4147 pace
1303 4083 1361 4136 stc.
1372 4096 1402 4150 p.
1417 4078 1467 4146 1V,

294 4183 326 4220 n.
342 4165 404 4231 215,
425 4164 509 4219 dicta
528 4164 564 4219 de
578 4164 766 4236 expectando
779 4165 828 4221 vel
842 4165 1030 4236 exquIrsndo
1043 4165 1173 4220 consilio
1187 4165 1334 4238 Capituli,
1352 4168 1468 4223 habent
