3266 4896
1277 341 1328 396 111

151 468 328 554 incapaces
355 477 435 534 sunt
457 472 511 552 (lb
546 473 679 534 constat
702 469 743 534 de
772 467 882 554 primo
906 491 948 533 ox
972 471 990 532 1
1015 468 1092 533 (dor.
1119 470 1170 550 14;
1196 472 1214 532 1
1239 467 1325 533 Tim.

153 580 194 641 11
219 584 254 642 et
278 579 329 659 12;
354 577 396 642 de
419 577 565 642 secundo
595 599 637 642 ex
661 600 688 642 o.
729 579 827 642 Νουα
850 576 891 641 de
915 576 1017 642 Poen.
1041 585 1076 640 et
1099 575 1243 642 Remiss.
1268 573 1327 640 ubi

152 683 305 752 absolute
327 693 474 770 negatur
492 707 587 772 posse
607 684 771 750 foeminas
794 691 889 749 aotue
914 683 1137 749 sacerdotales
1161 705 1327 748 exercere.

242 792 473 858 Confirmatur
495 815 537 858 ex
561 799 725 877 perpetua
747 791 931 856 traditione
955 799 1057 874 atque
1079 790 1178 876 praxi
1214 789 1327 854 Euole-

152 897 223 964 siae
246 905 280 963 et
304 898 541 984 reprobatione
564 903 733 964 sectarum
756 897 1013 982 haereticarum,
1039 919 1125 982 quae
1160 895 1325 962 foeminae

152 1007 195 1072 ad
220 1005 447 1071 hierarchiam
470 1005 701 1072 admittebant
724 1012 735 1088 (
761 1017 783 1088 ).

244 1115 295 1178 lb.
319 1111 375 1178 Ad
398 1112 528 1179 licitam
550 1121 667 1178 autem
690 1112 848 1178 ordinum
871 1111 1115 1197 susceptionem
1148 1110 1326 1196 requirun-

152 1227 211 1311 tur
232 1218 271 1283 in
295 1219 446 1286 subiecto
469 1227 645 1305 sequentes
669 1217 889 1284 conditiones:

244 1329 277 1409 1)
307 1329 348 1393 Ut
381 1328 426 1392 ait
464 1335 600 1394 coculae
636 1347 658 1392 a
689 1329 769 1392 Deo.
795 1326 895 1391 Patet
935 1348 977 1390 ex
1015 1324 1128 1389 verbis
1164 1325 1328 1410 Apostoli,

151 1433 238 1500 Heb.
262 1457 290 1499 c.
314 1435 357 1516 V,
382 1457 414 1499 v.
438 1437 469 1499 4:
512 1465 526 1492 «
550 1435 620 1500 Neo
645 1433 825 1519 quisquam
848 1433 955 1498 sumit
978 1433 1041 1498 sibi
1066 1433 1236 1516 honorem,
1266 1433 1324 1498 sed

151 1541 210 1626 qui
236 1549 419 1606 vocatura
443 1543 515 1607 Deo
538 1549 714 1626 tamquam
738 1540 854 1606 Aaron
878 1568 896 1602 a
923 1547 933 1623 (
959 1546 980 1622 ).

223 1772 265 1843 (1)
287 1773 486 1828 Dianonissae
519 1789 644 1844 quarum
680 1771 818 1827 meminit
850 1773 880 1827 S.
914 1775 1039 1837 Paulae,
1064 1771 1086 1836 l,
1108 1772 1191 1839 Tim,
1212 1772 1247 1839 V,
1268 1789 1326 1826 non

149 1861 309 1915 habebant
329 1863 464 1916 ordinem
486 1861 675 1918 diaconalem
697 1862 817 1933 proprie
837 1863 959 1925 dictum,
980 1861 1032 1915 sad
1055 1868 1173 1916 tantum
1194 1861 1325 1917 officium

150 1935 315 2002 analogum
338 1933 436 1988 officio
465 1936 670 2000 diaconorum,
691 1952 758 1988 nam
781 1949 877 2004 neque
898 1951 1001 1987 eorum
1017 1933 1192 1988 functiones
1213 1935 1326 1989 refere-

150 2023 264 2076 bantur
282 2023 321 2076 ad
339 2023 574 2088 Eucharistiam
607 2041 705 2094 neque
726 2040 828 2077 earum
848 2029 984 2090 potestas
1004 2029 1069 2076 erat
1088 2023 1201 2093 gradus
1222 2023 1259 2077 ad
1281 2041 1323 2078 aa·

150 2112 329 2168 cerdonum.
350 2111 415 2168 cfr.
433 2114 593 2181 cannara,
617 2115 638 2180 l,
660 2131 690 2167 n.
711 2113 726 2166 7
747 2125 776 2166 et
800 2113 858 2166 136.

223 2201 268 2256 De
288 2201 394 2256 fabula
414 2211 515 2256 autem
535 2201 683 2272 Papissaa
710 2203 851 2268 loannes,
872 2201 940 2256 vide
961 2201 1167 2256 solidissimas
1188 2200 1324 2256 confuta·

150 2291 253 2344 tiones
274 2291 352 2362 apud
373 2293 548 2354 Bononiam,
569 2293 800 2360 Bellarminum,
821 2280 958 2347 Natalem
978 2294 1195 2358 Alemaadrum,
1212 2295 1330 2348 Mblrler

151 2385 184 2434 et
202 2381 367 2450 Dlillinper.

223 2488 262 2554 (2)
283 2485 346 2542 cfr.
365 2491 634 2555 Brittanni-Palm,
656 2505 683 2541 n.
702 2489 747 2542 67.

223 2594 266 2665 (3)
287 2595 330 2648 De
351 2594 456 2648 divina
472 2595 632 2649 vocatione
653 2595 784 2666 positive
805 2600 945 2648 constare
966 2594 1056 2648 debet
1076 2594 1242 2664 Superiori.

224 2685 356 2740 Criteria
388 2687 425 2740 ad
445 2703 511 2741 eam
532 2687 754 2756 agnoscendam
777 2687 809 2739 in
829 2685 1007 2751 ordinando,
1032 2685 1106 2738 haec
1127 2687 1328 2740 communiter

148 2773 362 2842 assignantur:

223 2867 252 2928 a)
272 2857 352 2918 recia
372 2867 493 2920 intenlio
513 2865 578 2918 sive
598 2864 719 2917 animus
740 2863 914 2918 clericandi.
935 2886 949 2915 «
971 2863 1082 2918 Omnes
1104 2862 1260 2929 Pontifex,
1281 2863 1325 2916 ait

147 2953 180 3008 S.
203 2955 324 3018 Paulae,
347 2951 425 3008 Heb.
448 2953 481 3020 V,
502 2955 526 3018 l,
547 2971 582 3007 ex
603 2951 778 3006 hominibus
799 2961 972 3024 assumptus
993 2953 1235 3024 probeminibue
1258 2970 1324 3006 con·

147 3040 290 3095 stituitur
321 3039 350 3093 in
380 3041 418 3094 iis
439 3059 515 3112 quae
542 3049 613 3094 sunt
645 3041 683 3094 ad
716 3043 820 3104 Deum,
840 3049 875 3094 ut
894 3040 1003 3095 offerat
1024 3041 1102 3095 dona
1122 3049 1151 3094 et
1172 3040 1326 3095 sacrificia

147 3147 204 3201 pro
224 3129 358 3200 peccatis
380 3150 405 3186 ».
436 3133 476 3186 Et
497 3131 570 3184 Trid
603 3147 679 3185 sess.
699 3131 866 3197 XXIII,·c.
884 3131 920 3184 4:
951 3131 1090 3184 «Primo
1119 3137 1246 3184 tonsura
1266 3147 1326 3184 non

148 3219 352 3275 initientur...,
382 3221 550 3292 dequibus
572 3219 741 3290 probabilis
761 3219 936 3274 coniectura
956 3239 1015 3274 non
1038 3220 1086 3284 eit,
1109 3239 1160 3274 eos
1182 3223 1240 3273 non
1262 3237 1328 3274 sae·

148 3309 265 3364 eulatia
286 3308 392 3363 iudicii
413 3309 553 3380 fugiendi
577 3309 691 3369 fraude.
727 3309 779 3364 sed
798 3317 833 3362 ut
853 3309 916 3363 Deo
946 3308 1066 3364 fidelem
1095 3311 1210 3363 cultum
1241 3327 1324 3379 prae·

148 3406 241 3464 stent,
261 3397 318 3452 hoc
338 3396 420 3454 vitae
440 3417 537 3470 genus
559 3399 691 3469 elegisse
712 3418 736 3454 a.
966 3454 968 3458 ,

223 3489 251 3546 b)
272 3493 410 3558 aptitudo
429 3494 471 3545 cd
490 3506 616 3544 mirncru
649 3493 824 3557 subeunda:
854 3497 884 3544 et
905 3489 973 3544 ideo
1002 3493 1147 3546 indiciam
1178 3493 1326 3559 prudens,

146 3582 325 3634 conscientia
346 3582 498 3642 timorata,
529 3584 702 3634 conveniens
720 3583 851 3634 scicntia.
879 3579 985 3647 Quoad
1014 3580 1092 3633 hanc
1113 3581 1250 3633 ultimam
1273 3597 1326 3650 pro

146 3668 332 3735 sacerdotio,
354 3670 434 3723 ultra
455 3671 534 3741 quod
554 3669 663 3724 debeat
686 3669 862 3740 intelligere
883 3687 970 3724 suum
988 3670 1124 3724 ordinem
1145 3675 1177 3726 et
1197 3671 1275 3724 scire
1290 3689 1326 3726 ea

145 3776 227 3830 quae
247 3766 386 3828 spectant
407 3759 477 3813 airis
494 3759 685 3824 exercitium,
704 3758 832 3830 requirit
852 3759 976 3829 insuper
997 3759 1090 3827 Trid,
1111 3777 1187 3816 sess.
1201 3759 1326 3831 XXIII,

146 3869 176 3905 c.
198 3849 238 3916 14,
260 3849 297 3902 de
317 3848 447 3916 reform,
480 3857 514 3904 ut
534 3853 576 3904 cd
592 3853 743 3919 populum
764 3853 929 3904 docendum
950 3837 983 3905 ca
1003 3867 1079 3920 qaue
1096 3853 1171 3906 scire
1190 3853 1327 3906 omnibus

142 3943 354 3994 neceesarium
375 3943 415 3993 est
435 3941 631 4005 adsalutem,
652 3955 687 3993 ac
701 3941 742 3994 cd
755 3942 959 3994 ariniara-ndo
971 3943 1170 4004 sacramento,
1192 3941 1327 4010 dilipenii

144 4029 286 4081 conamine
306 4029 429 4082 idoneus
448 4030 666 4096 comprobetur.
701 4027 850 4094 Quocirca
881 4032 1003 4080 tenetur
1024 4027 1193 4096 episcopus,
1214 4027 1325 4080 exami-

146 4131 221 4169 nare
254 4132 307 4185 par
339 4123 372 4168 e'e
405 4115 452 4169 vel
483 4134 535 4185 per
560 4115 648 4182 alios,
684 4115 742 4169 nisi
777 4115 901 4169 aliunde
934 4122 1040 4169 cartus
1072 4115 1112 4169 sit
1134 4115 1169 4168 de
1191 4115 1329 4185 ipsorum

145 4205 316 4260 idoneitate
348 4222 400 4275 per
432 4203 585 4275 propriam
618 4203 761 4257 notitiam
791 4203 838 4256 vel
858 4221 910 4273 per
930 4221 1119 4258 communem
1140 4203 1328 4274 opinionem·
