3220 4898
1215 269 1269 322 ate

95 389 270 470 dimittere
299 390 439 474 possint,
464 399 502 456 ut
524 414 615 456 nunc
637 392 766 456 dictum
794 400 854 473 est,
878 389 945 456 nisi
969 391 1011 456 ob
1034 391 1168 476 culpam
1192 413 1269 475 gra-

98 519 175 561 vem
197 504 373 562 externam
401 506 435 563 et
457 497 629 583 publicam
652 506 687 562 et
702 497 769 562 nisi
792 497 971 582 culpabilis
988 495 1269 562 sitetiamincor-

95 603 261 688 regibilis.
285 605 335 670 Ut
357 612 471 670 autem
494 605 571 690 quis
592 604 841 690 incorregibilis
858 627 937 670 vere
960 605 1136 689 habeatur,
1160 607 1268 690 Supe-

95 712 204 778 riores
228 712 447 796 praemittere
469 713 603 798 debent,
627 711 798 778 distinctis
821 711 1040 796 temporibus,
1064 711 1191 778 trinam
1215 714 1268 778 ad·

97 817 318 886 monitionem
353 827 387 885 et
421 820 681 904 comestionem,
718 842 785 904 qua
820 817 908 884 nihil
934 819 1141 904 proficiente,
1166 820 1269 906 Supe-

95 927 201 992 riores
217 927 341 991 debent
356 949 549 1012 processum
564 927 743 1009 instruere,
767 949 941 1012 processus
957 925 1159 1000 resultantia
1175 949 1270 992 accu-

95 1041 170 1098 sato
201 1033 393 1118 contestari,
419 1033 527 1098 eidem
550 1041 684 1119 tempus
700 1056 889 1118 congruum
905 1033 1086 1100 concedere
1110 1055 1176 1117 quo
1192 1056 1269 1098 suas

93 1139 309 1206 defensiones
343 1141 414 1207 sive
448 1164 510 1226 per
543 1165 577 1206 se
601 1141 673 1206 sive
707 1163 768 1226 per
805 1140 910 1206 alium
939 1141 1087 1206 eiusdem
1111 1140 1267 1206 Instituti

97 1246 333 1332 religiosorum
355 1247 491 1314 exibere
515 1249 636 1313 valeat:
661 1248 750 1332 quod
774 1247 802 1312 si
827 1254 1001 1312 accusatus
1024 1236 1100 1332 ipse
1113 1248 1268 1334 proprias

93 1353 307 1419 defensiones
345 1377 412 1420 non
436 1354 727 1440 praesentaverit,'
750 1353 913 1438 Superior
947 1353 1001 1418 vel
1025 1353 1188 1420 Tribunal
1212 1356 1268 1420 de-

94 1460 265 1526 fensorem
289 1469 463 1547 utsupra,
495 1461 671 1526 alumnum
694 1461 874 1546 respectivi
913 1460 1071 1526 Instituti
1096 1485 1138 1526 ex
1160 1461 1269 1528 officio

93 1569 302 1634 constituere
335 1567 480 1634 debebit.
516 1569 598 1634 Post
628 1569 718 1652 haec,
751 1567 915 1652 Superior
937 1590 1013 1632 cum
1037 1590 1097 1633 suo
1121 1569 1269 1634 Consilio
1340 1649 1348 1664 ὗ

91 1674 301 1741 sententiam
324 1674 532 1760 expulsionis
566 1683 625 1740 aut
648 1673 852 1740 dimissionis
887 1675 1109 1759 pronuntiare
1133 1675 1267 1760 poterit,

90 1805 183 1868 quae
208 1790 321 1847 tamen
343 1783 476 1847 nullum
500 1781 659 1846 effectum
677 1781 824 1865 habebit,
837 1780 865 1844 si
879 1781 1132 1848 comdemnatus
1159 1807 1179 1847 a
1195 1806 1268 1848 sen-

93 1890 207 1956 tentia
231 1890 364 1974 prolata
387 1890 429 1954 ad
468 1887 836 1973 &congregationem
860 1889 936 1954 ΕΕ.
960 1895 995 1954 et
1015 1889 1096 1974 ΒΗ.
1120 1889 1186 1954 rite
1209 1913 1268 1975 ap-

91 1995 288 2083 pellaverit,
323 1995 429 2061 donec
463 2018 523 2081 per
556 1995 709 2060 eamdem
733 1995 765 2059 S.
790 1993 1098 2079 Congregationem
1122 1996 1267 2062 definiti-

91 2127 180 2170 vum
202 2101 367 2187 iudicium
393 2103 564 2187 prolatum
579 2123 647 2168 non
670 2100 795 2168 fuerit.
820 2099 958 2179 Quoties
974 2108 1089 2168 autem
1105 2102 1269 2186 gravibus

95 2235 142 2278 ex
165 2209 275 2275 causis
297 2208 500 2294 procedendi
523 2209 701 2274 methodus
729 2207 925 2293 supradicta
947 2207 1076 2274 servari
1111 2219 1268 2294 nequeat,

90 2327 179 2384 tunc
203 2339 358 2382 recursus
392 2315 509 2380 haberi
540 2314 640 2380 debet
663 2315 705 2380 ad
728 2315 816 2380 hanc
841 2314 874 2380 S.
900 2313 936 2380 O.
961 2315 1003 2380 ad
1028 2315 1189 2380 effectum
1212 2317 1268 2384 ob-

90 2423 227 2490 tinendi
260 2422 546 2508 dispensationem
569 2445 588 2486 a
610 2421 882 2488 solemnitatibus
905 2421 1134 2508 praescriptis,
1158 2432 1193 2488 et
1217 2424 1268 2491 fa·

88 2532 260 2598 cultatem
298 2528 501 2615 procedendi
531 2527 713 2594 summario
737 2528 834 2594 modo
858 2530 915 2611 (1),
939 2527 1036 2593 iuxta
1059 2529 1193 2615 praxim
1217 2531 1268 2595 vi-

93 2645 237 2724 gentem
260 2637 350 2722 apud
377 2637 464 2701 hanc
488 2635 521 2702 S.
545 2633 854 2720 Congregationem
877 2661 907 2700 a.

90 2834 172 2889 Sede
193 2831 357 2902 approbate
372 2831 551 2899 emiserunt,
571 2828 608 2882 ob
629 2829 747 2899 culpam
768 2849 892 2900 gravem
914 2838 978 2898 etc,
998 2837 1132 2902 tempore
1155 2832 1269 2902 profes·

90 2921 196 2978 sionis
214 2927 380 2989 transacto,
400 2919 515 2973 dimitti
546 2926 674 2989 possunt
694 2937 711 2972 a
731 2919 940 2990 Superiorissa
960 2921 1104 2974 Generali
1126 2940 1162 2976 ex
1194 2922 1268 2976 deli·

92 3011 254 3067 beratione
276 3009 406 3066 Consilii
427 3026 506 3078 gen,
526 3009 654 3062 durante
677 3015 778 3062 autem
799 3008 988 3078 professione
1004 3018 1200 3081 temporanea
1220 3013 1268 3066 vel

91 3109 165 3173 post
185 3105 361 3170 perpetuam
381 3098 549 3170 requiritur
560 3099 683 3169 insuper
703 3099 883 3169 approbatio
904 3106 934 3153 et
951 3117 1118 3155 consensus
1134 3099 1162 3157 S.
1172 3103 1267 3157 Sedis.

90 3193 163 3247 Non
190 3198 237 3246 est
265 3199 366 3246 tamen
399 3191 597 3246 instruendus
617 3207 777 3258 processus
809 3190 983 3245 ordinarius
1016 3191 1087 3262 quie
1118 3193 1268 3247 moniales

90 3287 200 3338 carent
220 3286 372 3350 potestate
392 3279 553 3335 amonendi
568 3278 728 3334 iuridicam
749 3280 944 3336 sententiam.
964 3281 1026 3338 Otr.
1048 3285 1196 3348 Nurdetli,
1217 3299 1265 3352 op.

89 3373 146 3426 cit.
168 3387 197 3426 n.
216 3371 261 3425 39.

167 3477 205 3541 (1)
225 3475 287 3529 Hic
318 3493 478 3546 processus
512 3476 624 3530 dicitur
656 3475 749 3530 etiam
771 3477 939 3532 docueratis
973 3494 990 3529 a
1016 3476 1135 3532 ratione
1156 3477 1267 3547 agendi

90 3565 277 3623 Tribunalis
298 3567 453 3633 Gamerae,
483 3565 514 3620 in
535 3582 593 3637 quo
612 3565 769 3631 tribunali,
790 3563 828 3618 ob
849 3564 915 3619 eius
935 3568 1167 3636 praerogativas
1183 3565 1268 3620 fisca·

92 3660 141 3713 les
164 3653 430 3722 nonwadamussim
451 3654 655 3708 servabantur
670 3654 796 3722 regulae
817 3671 976 3723 processus
997 3655 1206 3710 observandae
1234 3655 1264 3709 in

90 3744 261 3802 Auditorio
280 3745 310 3800 S.
328 3740 435 3798 Rotae.
457 3742 519 3800 ufr.
539 3745 583 3799 De
603 3747 697 3813 Luca,
718 3743 786 3798 Rel.
805 3744 916 3799 Curiae
936 3744 1021 3799 Disc.
1041 3747 1085 3811 33,
1105 3763 1133 3812 n,
1154 3747 1197 3800 10.

168 3833 230 3887 Pro
259 3832 560 3902 congregationibus
589 3840 642 3887 aut
664 3832 823 3886 Institutis
842 3832 1001 3902 religiosis
1030 3841 1168 3888 votorum
1197 3836 1268 3888 sim-

90 3923 232 3996 plicium,
253 3921 284 3976 S.
302 3921 510 3992 Congregatio
529 3921 591 3990 EE,
612 3928 642 3975 et
661 3919 728 3977 Ra.
749 3930 801 3974 eut
820 3939 874 3992 pro
894 3920 1063 3978 Ordinibus
1084 3923 1267 3976 Mouialium

89 4011 239 4084 sequenti
262 4011 413 4082 rescripto
433 4011 512 4066 solet
531 4010 696 4065 concedere
717 4009 895 4065 facultatem
917 4011 1101 4080 procedendi
1123 4029 1268 4082 processu

89 4101 287 4159 comatulus
324 4103 428 4172 Vipera
455 4108 511 4156 etc.
543 4103 663 4172 (nempe
682 4099 876 4169 facultatum)
908 4103 990 4158 S.·G.
1015 4105 1121 4158 audito
1152 4107 1217 4158 voto
1236 4106 1269 4158 P.

90 4195 306 4248 Procuratores
335 4191 490 4248 Generalis
520 4193 592 4247 Ord.
609 4189 787 4258 facultatem
806 4193 910 4246 tribuit
939 4193 971 4246 P.
990 4192 1147 4259 Superiori
1179 4192 1269 4247 Gene-
