<?xml version="1.0" encoding="UTF-8"?>
<!DOCTYPE html PUBLIC "-//W3C//DTD XHTML 1.0 Transitional//EN"
    "http://www.w3.org/TR/xhtml1/DTD/xhtml1-transitional.dtd">
<html xmlns="http://www.w3.org/1999/xhtml" xml:lang="en" lang="en">
 <head>
  <title>
</title>
<meta http-equiv="Content-Type" content="text/html;charset=utf-8" />
  <meta name='ocr-system' content='tesseract 3.04.00' />
  <meta name='ocr-capabilities' content='ocr_page ocr_carea ocr_par ocr_line ocrx_word'/>
</head>
<body>
  <div class='ocr_page' id='page_1' title='image "./elementaiurisec00munegoog_0118.png"; bbox 0 0 3266 4896; ppageno 0'>
   <div class='ocr_carea' id='block_1_1' title="bbox 1270 352 1333 406">
    <p class='ocr_par' dir='ltr' id='par_1_1' title="bbox 1270 352 1333 406">
     <span class='ocr_line' id='line_1_1' title="bbox 1270 352 1333 406; baseline 0 -1"><span class='ocrx_word' id='word_1_1' title='bbox 1270 352 1321 406; x_wconf 77' lang='lat'><strong>107</strong></span> <span class='ocrx_word' id='word_1_2' title='bbox 1331 353 1333 356; x_wconf 80' lang='grc'><strong>’</strong></span> 
     </span>
    </p>
   </div>
   <div class='ocr_carea' id='block_1_2' title="bbox 145 474 1338 3875">
    <p class='ocr_par' dir='ltr' id='par_1_2' title="bbox 145 474 1338 2485">
     <span class='ocr_line' id='line_1_2' title="bbox 147 474 1321 561; baseline 0.001 -20"><span class='ocrx_word' id='word_1_3' title='bbox 147 498 225 541; x_wconf 91' lang='lat' dir='ltr'><strong>nem</strong></span> <span class='ocrx_word' id='word_1_4' title='bbox 248 475 460 542; x_wconf 88' lang='lat' dir='ltr'><strong>diversarum</strong></span> <span class='ocrx_word' id='word_1_5' title='bbox 484 476 679 542; x_wconf 89' lang='lat' dir='ltr'><strong>litterarum</strong></span> <span class='ocrx_word' id='word_1_6' title='bbox 702 499 789 561; x_wconf 90' lang='lat' dir='ltr'><strong>quae</strong></span> <span class='ocrx_word' id='word_1_7' title='bbox 813 477 855 542; x_wconf 90' lang='lat' dir='ltr'><strong>ab</strong></span> <span class='ocrx_word' id='word_1_8' title='bbox 878 475 930 559; x_wconf 89' lang='lat' dir='ltr'><strong>iis,</strong></span> <span class='ocrx_word' id='word_1_9' title='bbox 955 476 1013 561; x_wconf 94' lang='lat' dir='ltr'><strong>qui</strong></span> <span class='ocrx_word' id='word_1_10' title='bbox 1036 477 1078 542; x_wconf 86' lang='lat' dir='ltr'><strong>R.</strong></span> <span class='ocrx_word' id='word_1_11' title='bbox 1096 474 1321 542; x_wconf 87' lang='lat' dir='ltr'><strong>Pontificibus</strong></span> 
     </span>
     <span class='ocr_line' id='line_1_3' title="bbox 146 581 1318 670; baseline 0 -22"><span class='ocrx_word' id='word_1_12' title='bbox 146 583 185 649; x_wconf 90' lang='lat' dir='ltr'><strong>in</strong></span> <span class='ocrx_word' id='word_1_13' title='bbox 206 584 351 657; x_wconf 85' lang='lat' dir='ltr'><strong>diversis</strong></span> <span class='ocrx_word' id='word_1_14' title='bbox 388 581 608 650; x_wconf 71' lang='lat' dir='ltr'><strong>oboedientiis</strong></span> <span class='ocrx_word' id='word_1_15' title='bbox 639 607 674 652; x_wconf 90' lang='lat' dir='ltr'><strong>se</strong></span> <span class='ocrx_word' id='word_1_16' title='bbox 707 585 882 670; x_wconf 74' lang='lat' dir='ltr'><strong>gerebant,</strong></span> <span class='ocrx_word' id='word_1_17' title='bbox 905 583 943 648; x_wconf 92' lang='lat' dir='ltr'><strong>in</strong></span> <span class='ocrx_word' id='word_1_18' title='bbox 965 581 1138 649; x_wconf 91' lang='lat' dir='ltr'><strong>nonnullis</strong></span> <span class='ocrx_word' id='word_1_19' title='bbox 1162 583 1318 668; x_wconf 87' lang='lat' dir='ltr'><strong>partibus</strong></span> 
     </span>
     <span class='ocr_line' id='line_1_4' title="bbox 147 690 1321 777; baseline 0 -21"><span class='ocrx_word' id='word_1_20' title='bbox 147 690 354 776; x_wconf 90' lang='lat' dir='ltr'><strong>oriebantur,</strong></span> <span class='ocrx_word' id='word_1_21' title='bbox 377 691 538 758; x_wconf 89' lang='lat' dir='ltr'><strong>Urbanus</strong></span> <span class='ocrx_word' id='word_1_22' title='bbox 561 692 614 757; x_wconf 93' lang='lat' dir='ltr'><strong>VI</strong></span> <span class='ocrx_word' id='word_1_23' title='bbox 636 690 673 757; x_wconf 91' lang='lat' dir='ltr'><strong>in</strong></span> <span class='ocrx_word' id='word_1_24' title='bbox 695 715 756 759; x_wconf 88' lang='lat' dir='ltr'><strong>sua</strong></span> <span class='ocrx_word' id='word_1_25' title='bbox 787 691 979 758; x_wconf 88' lang='lat' dir='ltr'><strong>obedientia</strong></span> <span class='ocrx_word' id='word_1_26' title='bbox 1002 697 1219 777; x_wconf 88' lang='lat' dir='ltr'><strong>nuncupatus</strong></span> <span class='ocrx_word' id='word_1_27' title='bbox 1243 713 1321 756; x_wconf 89' lang='lat' dir='ltr'><strong>con-</strong></span> 
     </span>
     <span class='ocr_line' id='line_1_5' title="bbox 147 796 1334 882; baseline -0.001 -20"><span class='ocrx_word' id='word_1_28' title='bbox 147 796 283 862; x_wconf 87' lang='lat' dir='ltr'><strong>cesserit</strong></span> <span class='ocrx_word' id='word_1_29' title='bbox 305 797 509 882; x_wconf 89' lang='lat' dir='ltr'><strong>quibusdam</strong></span> <span class='ocrx_word' id='word_1_30' title='bbox 544 797 712 863; x_wconf 88' lang='lat' dir='ltr'><strong>Praelatis</strong></span> <span class='ocrx_word' id='word_1_31' title='bbox 739 797 828 882; x_wconf 91' lang='lat' dir='ltr'><strong>quod</strong></span> <span class='ocrx_word' id='word_1_32' title='bbox 852 796 1029 862; x_wconf 88' lang='lat' dir='ltr'><strong>incorum</strong></span> <span class='ocrx_word' id='word_1_33' title='bbox 1064 796 1263 863; x_wconf 85' lang='lat' dir='ltr'><strong>civitatibus</strong></span> <span class='ocrx_word' id='word_1_34' title='bbox 1285 803 1334 862; x_wconf 84' lang='lat' dir='ltr'><strong>et</strong></span> 
     </span>
     <span class='ocr_line' id='line_1_6' title="bbox 148 901 1319 990; baseline 0.003 -23"><span class='ocrx_word' id='word_1_35' title='bbox 148 901 354 969; x_wconf 81' lang='lat' dir='ltr'><strong>dioecesibus</strong></span> <span class='ocrx_word' id='word_1_36' title='bbox 376 926 444 970; x_wconf 92' lang='lat' dir='ltr'><strong>non</strong></span> <span class='ocrx_word' id='word_1_37' title='bbox 465 911 579 989; x_wconf 86' lang='lat' dir='ltr'><strong>posset</strong></span> <span class='ocrx_word' id='word_1_38' title='bbox 600 903 675 970; x_wconf 85' lang='lat' dir='ltr'><strong>fieri</strong></span> <span class='ocrx_word' id='word_1_39' title='bbox 706 903 861 970; x_wconf 75' lang='lat' dir='ltr'><strong>executio</strong></span> <span class='ocrx_word' id='word_1_40' title='bbox 897 903 1090 990; x_wconf 89' lang='lat' dir='ltr'><strong>aliquarum</strong></span> <span class='ocrx_word' id='word_1_41' title='bbox 1125 903 1319 970; x_wconf 89' lang='lat' dir='ltr'><strong>litterarum</strong></span> 
     </span>
     <span class='ocr_line' id='line_1_7' title="bbox 147 1009 1320 1097; baseline -0.001 -21"><span class='ocrx_word' id='word_1_42' title='bbox 147 1009 409 1096; x_wconf 89' lang='lat' dir='ltr'><strong>apostolicarum</strong></span> <span class='ocrx_word' id='word_1_43' title='bbox 443 1010 509 1076; x_wconf 84' lang='lat' dir='ltr'><strong>nisi</strong></span> <span class='ocrx_word' id='word_1_44' title='bbox 533 1011 628 1097; x_wconf 89' lang='lat' dir='ltr'><strong>prius</strong></span> <span class='ocrx_word' id='word_1_45' title='bbox 662 1010 854 1077; x_wconf 88' lang='lat' dir='ltr'><strong>huiusmodi</strong></span> <span class='ocrx_word' id='word_1_46' title='bbox 885 1010 1021 1076; x_wconf 75' lang='lat' dir='ltr'><strong>litterae</strong></span> <span class='ocrx_word' id='word_1_47' title='bbox 1045 1011 1212 1076; x_wconf 89' lang='lat' dir='ltr'><strong>Praelatis</strong></span> <span class='ocrx_word' id='word_1_48' title='bbox 1236 1009 1320 1095; x_wconf 89' lang='lat' dir='ltr'><strong>ipsis</strong></span> 
     </span>
     <span class='ocr_line' id='line_1_8' title="bbox 148 1116 1321 1204; baseline 0 -23"><span class='ocrx_word' id='word_1_49' title='bbox 148 1117 203 1182; x_wconf 90' lang='lat' dir='ltr'><strong>vel</strong></span> <span class='ocrx_word' id='word_1_50' title='bbox 226 1140 341 1183; x_wconf 89' lang='lat' dir='ltr'><strong>eorum</strong></span> <span class='ocrx_word' id='word_1_51' title='bbox 379 1116 580 1183; x_wconf 90' lang='lat' dir='ltr'><strong>officialibus</strong></span> <span class='ocrx_word' id='word_1_52' title='bbox 603 1119 646 1184; x_wconf 88' lang='lat' dir='ltr'><strong>ad</strong></span> <span class='ocrx_word' id='word_1_53' title='bbox 669 1119 732 1184; x_wconf 91' lang='lat' dir='ltr'><strong>hoc</strong></span> <span class='ocrx_word' id='word_1_54' title='bbox 754 1118 928 1204; x_wconf 88' lang='lat' dir='ltr'><strong>deputatis</strong></span> <span class='ocrx_word' id='word_1_55' title='bbox 951 1117 1177 1202; x_wconf 81' lang='lat' dir='ltr'><strong>exiberentur,</strong></span> <span class='ocrx_word' id='word_1_56' title='bbox 1202 1127 1238 1184; x_wconf 89' lang='lat' dir='ltr'><strong>et</strong></span> <span class='ocrx_word' id='word_1_57' title='bbox 1259 1139 1321 1202; x_wconf 89' lang='lat' dir='ltr'><strong>per</strong></span> 
     </span>
     <span class='ocr_line' id='line_1_9' title="bbox 146 1223 1320 1310; baseline -0.001 -22"><span class='ocrx_word' id='word_1_58' title='bbox 146 1223 238 1310; x_wconf 90' lang='lat' dir='ltr'><strong>ipsas</strong></span> <span class='ocrx_word' id='word_1_59' title='bbox 276 1225 481 1310; x_wconf 80' lang='lat' dir='ltr'><strong>approbatae</strong></span> <span class='ocrx_word' id='word_1_60' title='bbox 514 1223 649 1290; x_wconf 89' lang='lat' dir='ltr'><strong>forent:</strong></span> <span class='ocrx_word' id='word_1_61' title='bbox 688 1248 808 1291; x_wconf 91' lang='lat' dir='ltr'><strong>verum</strong></span> <span class='ocrx_word' id='word_1_62' title='bbox 842 1225 923 1310; x_wconf 91' lang='lat' dir='ltr'><strong>quia</strong></span> <span class='ocrx_word' id='word_1_63' title='bbox 959 1224 1063 1290; x_wconf 90' lang='lat' dir='ltr'><strong>etiam</strong></span> <span class='ocrx_word' id='word_1_64' title='bbox 1094 1224 1216 1291; x_wconf 89' lang='lat' dir='ltr'><strong>deinde</strong></span> <span class='ocrx_word' id='word_1_65' title='bbox 1254 1223 1320 1310; x_wconf 88' lang='lat' dir='ltr'><strong>ipsi</strong></span> 
     </span>
     <span class='ocr_line' id='line_1_10' title="bbox 148 1329 1338 1418; baseline -0.002 -22"><span class='ocrx_word' id='word_1_66' title='bbox 148 1330 298 1396; x_wconf 89' lang='lat' dir='ltr'><strong>Praelati</strong></span> <span class='ocrx_word' id='word_1_67' title='bbox 323 1353 382 1397; x_wconf 91' lang='lat' dir='ltr'><strong>seu</strong></span> <span class='ocrx_word' id='word_1_68' title='bbox 406 1331 568 1397; x_wconf 88' lang='lat' dir='ltr'><strong>officiales</strong></span> <span class='ocrx_word' id='word_1_69' title='bbox 584 1332 914 1399; x_wconf 88' lang='lat' dir='ltr'><strong>inconsuetudinem</strong></span> <span class='ocrx_word' id='word_1_70' title='bbox 932 1339 1120 1418; x_wconf 87' lang='lat' dir='ltr'><strong>traxerunt,</strong></span> <span class='ocrx_word' id='word_1_71' title='bbox 1145 1341 1180 1399; x_wconf 89' lang='lat' dir='ltr'><strong>et</strong></span> <span class='ocrx_word' id='word_1_72' title='bbox 1214 1329 1338 1417; x_wconf 89' lang='lat' dir='ltr'><strong>aliqui</strong></span> 
     </span>
     <span class='ocr_line' id='line_1_11' title="bbox 145 1436 1317 1526; baseline -0.003 -22"><span class='ocrx_word' id='word_1_73' title='bbox 145 1446 326 1526; x_wconf 87' lang='lat' dir='ltr'><strong>praetextu</strong></span> <span class='ocrx_word' id='word_1_74' title='bbox 348 1446 555 1506; x_wconf 90' lang='lat' dir='ltr'><strong>statutorum</strong></span> <span class='ocrx_word' id='word_1_75' title='bbox 590 1440 852 1526; x_wconf 89' lang='lat' dir='ltr'><strong>provincialium</strong></span> <span class='ocrx_word' id='word_1_76' title='bbox 876 1463 935 1506; x_wconf 91' lang='lat' dir='ltr'><strong>seu</strong></span> <span class='ocrx_word' id='word_1_77' title='bbox 958 1440 1175 1526; x_wconf 85' lang='lat' dir='ltr'><strong>synodalium</strong></span> <span class='ocrx_word' id='word_1_78' title='bbox 1199 1436 1317 1504; x_wconf 87' lang='lat' dir='ltr'><strong>simili-</strong></span> 
     </span>
     <span class='ocr_line' id='line_1_12' title="bbox 147 1544 1321 1632; baseline -0.001 -22"><span class='ocrx_word' id='word_1_79' title='bbox 147 1553 200 1610; x_wconf 88' lang='lat' dir='ltr'><strong>ter</strong></span> <span class='ocrx_word' id='word_1_80' title='bbox 229 1553 368 1611; x_wconf 90' lang='lat' dir='ltr'><strong>servant</strong></span> <span class='ocrx_word' id='word_1_81' title='bbox 406 1555 440 1612; x_wconf 90' lang='lat' dir='ltr'><strong>et</strong></span> <span class='ocrx_word' id='word_1_82' title='bbox 478 1547 607 1612; x_wconf 89' lang='lat' dir='ltr'><strong>servari</strong></span> <span class='ocrx_word' id='word_1_83' title='bbox 647 1547 789 1628; x_wconf 87' lang='lat' dir='ltr'><strong>faciunt,</strong></span> <span class='ocrx_word' id='word_1_84' title='bbox 821 1547 910 1632; x_wconf 91' lang='lat' dir='ltr'><strong>quod</strong></span> <span class='ocrx_word' id='word_1_85' title='bbox 945 1547 1077 1612; x_wconf 89' lang='lat' dir='ltr'><strong>litteras</strong></span> <span class='ocrx_word' id='word_1_86' title='bbox 1121 1544 1321 1632; x_wconf 87' lang='lat' dir='ltr'><strong>apostolicas</strong></span> 
     </span>
     <span class='ocr_line' id='line_1_13' title="bbox 147 1647 1321 1740; baseline 0 -24"><span class='ocrx_word' id='word_1_87' title='bbox 147 1647 262 1717; x_wconf 86' lang='lat' dir='ltr'><strong>nullus</strong></span> <span class='ocrx_word' id='word_1_88' title='bbox 285 1652 405 1738; x_wconf 87' lang='lat' dir='ltr'><strong>exequi</strong></span> <span class='ocrx_word' id='word_1_89' title='bbox 429 1653 562 1738; x_wconf 86' lang='lat' dir='ltr'><strong>audeat,</strong></span> <span class='ocrx_word' id='word_1_90' title='bbox 598 1653 663 1719; x_wconf 90' lang='lat' dir='ltr'><strong>nisi</strong></span> <span class='ocrx_word' id='word_1_91' title='bbox 686 1665 763 1740; x_wconf 88' lang='lat' dir='ltr'><strong>post</strong></span> <span class='ocrx_word' id='word_1_92' title='bbox 780 1677 882 1739; x_wconf 88' lang='lat' dir='ltr'><strong>quam</strong></span> <span class='ocrx_word' id='word_1_93' title='bbox 905 1653 1053 1720; x_wconf 89' lang='lat' dir='ltr'><strong>Praelati</strong></span> <span class='ocrx_word' id='word_1_94' title='bbox 1079 1677 1137 1720; x_wconf 89' lang='lat' dir='ltr'><strong>seu</strong></span> <span class='ocrx_word' id='word_1_95' title='bbox 1161 1651 1321 1720; x_wconf 89' lang='lat' dir='ltr'><strong>officiales</strong></span> 
     </span>
     <span class='ocr_line' id='line_1_14' title="bbox 146 1759 1319 1846; baseline 0 -23"><span class='ocrx_word' id='word_1_96' title='bbox 146 1759 212 1846; x_wconf 90' lang='lat' dir='ltr'><strong>ipsi</strong></span> <span class='ocrx_word' id='word_1_97' title='bbox 235 1781 296 1846; x_wconf 90' lang='lat' dir='ltr'><strong>per</strong></span> <span class='ocrx_word' id='word_1_98' title='bbox 317 1783 395 1825; x_wconf 88' lang='lat' dir='ltr'><strong>suas</strong></span> <span class='ocrx_word' id='word_1_99' title='bbox 417 1760 559 1845; x_wconf 85' lang='lat' dir='ltr'><strong>litteras,</strong></span> <span class='ocrx_word' id='word_1_100' title='bbox 596 1783 680 1846; x_wconf 89' lang='lat' dir='ltr'><strong>quas</strong></span> <span class='ocrx_word' id='word_1_101' title='bbox 710 1763 862 1827; x_wconf 80' lang='lat' dir='ltr'><strong>Vidimus</strong></span> <span class='ocrx_word' id='word_1_102' title='bbox 884 1785 943 1827; x_wconf 92' lang='lat' dir='ltr'><strong>seu</strong></span> <span class='ocrx_word' id='word_1_103' title='bbox 970 1765 1087 1828; x_wconf 79' lang='lat' dir='ltr'><strong>Placet</strong></span> <span class='ocrx_word' id='word_1_104' title='bbox 1109 1767 1319 1846; x_wconf 86' lang='lat' dir='ltr'><strong>nuncupant,</strong></span> 
     </span>
     <span class='ocr_line' id='line_1_15' title="bbox 146 1867 1319 1954; baseline -0.002 -22"><span class='ocrx_word' id='word_1_105' title='bbox 146 1867 311 1932; x_wconf 89' lang='lat' dir='ltr'><strong>mandant</strong></span> <span class='ocrx_word' id='word_1_106' title='bbox 333 1877 396 1933; x_wconf 90' lang='lat' dir='ltr'><strong>etc.</strong></span> <span class='ocrx_word' id='word_1_107' title='bbox 421 1894 451 1933; x_wconf 78' lang='lat'><strong>».</strong></span> <span class='ocrx_word' id='word_1_108' title='bbox 475 1869 563 1933; x_wconf 87' lang='lat' dir='ltr'><strong>Erat</strong></span> <span class='ocrx_word' id='word_1_109' title='bbox 586 1868 704 1954; x_wconf 83' lang='lat' dir='ltr'><strong>igitur,</strong></span> <span class='ocrx_word' id='word_1_110' title='bbox 730 1877 768 1934; x_wconf 90' lang='lat' dir='ltr'><strong>ut</strong></span> <span class='ocrx_word' id='word_1_111' title='bbox 791 1875 888 1935; x_wconf 88' lang='lat' dir='ltr'><strong>notat</strong></span> <span class='ocrx_word' id='word_1_112' title='bbox 914 1869 1014 1936; x_wconf 85' lang='lat' dir='ltr'><strong>Card.</strong></span> <span class='ocrx_word' id='word_1_113' title='bbox 1039 1867 1214 1954; x_wconf 78' lang='lat' dir='ltr'><strong>Cavagnls</strong></span> <span class='ocrx_word' id='word_1_114' title='bbox 1244 1868 1265 1932; x_wconf 91' lang='lat' dir='ltr'><strong>l.</strong></span> <span class='ocrx_word' id='word_1_115' title='bbox 1291 1890 1319 1931; x_wconf 90' lang='lat' dir='ltr'><strong>c.</strong></span> 
     </span>
     <span class='ocr_line' id='line_1_16' title="bbox 145 1973 1316 2061; baseline -0.002 -21"><span class='ocrx_word' id='word_1_116' title='bbox 145 1973 310 2060; x_wconf 89' lang='lat' dir='ltr'><strong>placitum</strong></span> <span class='ocrx_word' id='word_1_117' title='bbox 338 1975 528 2061; x_wconf 80' lang='lat' dir='ltr'><strong>episcopale</strong></span> <span class='ocrx_word' id='word_1_118' title='bbox 564 1999 606 2041; x_wconf 87' lang='lat' dir='ltr'><strong>ex</strong></span> <span class='ocrx_word' id='word_1_119' title='bbox 629 1975 841 2056; x_wconf 85' lang='lat' dir='ltr'><strong>concessione</strong></span> <span class='ocrx_word' id='word_1_120' title='bbox 864 1975 1076 2042; x_wconf 90' lang='lat' dir='ltr'><strong>oeconomica</strong></span> <span class='ocrx_word' id='word_1_121' title='bbox 1100 1973 1316 2040; x_wconf 89' lang='lat' dir='ltr'><strong>Pontificum.</strong></span> 
     </span>
     <span class='ocr_line' id='line_1_17' title="bbox 146 2080 1320 2168; baseline -0.002 -22"><span class='ocrx_word' id='word_1_122' title='bbox 146 2080 324 2167; x_wconf 86' lang='lat' dir='ltr'><strong>Principes</strong></span> <span class='ocrx_word' id='word_1_123' title='bbox 359 2089 473 2148; x_wconf 92' lang='lat' dir='ltr'><strong>autem</strong></span> <span class='ocrx_word' id='word_1_124' title='bbox 504 2083 683 2148; x_wconf 87' lang='lat' dir='ltr'><strong>schismate</strong></span> <span class='ocrx_word' id='word_1_125' title='bbox 717 2083 862 2148; x_wconf 87' lang='lat' dir='ltr'><strong>durante</strong></span> <span class='ocrx_word' id='word_1_126' title='bbox 902 2105 979 2149; x_wconf 92' lang='lat' dir='ltr'><strong>cum</strong></span> <span class='ocrx_word' id='word_1_127' title='bbox 1008 2105 1068 2168; x_wconf 88' lang='lat' dir='ltr'><strong>per</strong></span> <span class='ocrx_word' id='word_1_128' title='bbox 1103 2081 1238 2148; x_wconf 91' lang='lat' dir='ltr'><strong>diversa</strong></span> <span class='ocrx_word' id='word_1_129' title='bbox 1269 2103 1320 2144; x_wconf 85' lang='lat' dir='ltr'><strong>re-</strong></span> 
     </span>
     <span class='ocr_line' id='line_1_18' title="bbox 147 2187 1335 2273; baseline -0.002 -21"><span class='ocrx_word' id='word_1_130' title='bbox 147 2209 215 2272; x_wconf 88' lang='lat' dir='ltr'><strong>gna</strong></span> <span class='ocrx_word' id='word_1_131' title='bbox 240 2187 298 2251; x_wconf 92' lang='lat' dir='ltr'><strong>uni</strong></span> <span class='ocrx_word' id='word_1_132' title='bbox 324 2187 379 2252; x_wconf 92' lang='lat' dir='ltr'><strong>vel</strong></span> <span class='ocrx_word' id='word_1_133' title='bbox 402 2187 501 2252; x_wconf 90' lang='lat' dir='ltr'><strong>alteri</strong></span> <span class='ocrx_word' id='word_1_134' title='bbox 533 2189 757 2254; x_wconf 85' lang='lat' dir='ltr'><strong>adhaererent</strong></span> <span class='ocrx_word' id='word_1_135' title='bbox 796 2187 993 2269; x_wconf 86' lang='lat' dir='ltr'><strong>Pontitifici,</strong></span> <span class='ocrx_word' id='word_1_136' title='bbox 1022 2210 1084 2273; x_wconf 87' lang='lat' dir='ltr'><strong>per</strong></span> <span class='ocrx_word' id='word_1_137' title='bbox 1106 2211 1144 2253; x_wconf 91' lang='lat' dir='ltr'><strong>ea</strong></span> <span class='ocrx_word' id='word_1_138' title='bbox 1167 2195 1335 2271; x_wconf 88' lang='lat' dir='ltr'><strong>tempora</strong></span> 
     </span>
     <span class='ocr_line' id='line_1_19' title="bbox 146 2291 1320 2378; baseline -0.003 -19"><span class='ocrx_word' id='word_1_139' title='bbox 146 2294 330 2378; x_wconf 90' lang='lat' dir='ltr'><strong>aliquando</strong></span> <span class='ocrx_word' id='word_1_140' title='bbox 352 2295 524 2361; x_wconf 85' lang='lat' dir='ltr'><strong>sanctione</strong></span> <span class='ocrx_word' id='word_1_141' title='bbox 545 2295 638 2360; x_wconf 88' lang='lat' dir='ltr'><strong>civili</strong></span> <span class='ocrx_word' id='word_1_142' title='bbox 663 2296 862 2361; x_wconf 88' lang='lat' dir='ltr'><strong>muniebant</strong></span> <span class='ocrx_word' id='word_1_143' title='bbox 879 2295 996 2362; x_wconf 91' lang='lat' dir='ltr'><strong>Bullas</strong></span> <span class='ocrx_word' id='word_1_144' title='bbox 1017 2295 1222 2360; x_wconf 90' lang='lat' dir='ltr'><strong>Pontificum</strong></span> <span class='ocrx_word' id='word_1_145' title='bbox 1246 2291 1320 2378; x_wconf 91' lang='lat' dir='ltr'><strong>qui-</strong></span> 
     </span>
     <span class='ocr_line' id='line_1_20' title="bbox 148 2401 871 2485; baseline 0.001 -19"><span class='ocrx_word' id='word_1_146' title='bbox 148 2401 211 2466; x_wconf 86' lang='lat' dir='ltr'><strong>bus</strong></span> <span class='ocrx_word' id='word_1_147' title='bbox 235 2401 474 2483; x_wconf 86' lang='lat' dir='ltr'><strong>adhaerebant,</strong></span> <span class='ocrx_word' id='word_1_148' title='bbox 497 2402 618 2468; x_wconf 88' lang='lat' dir='ltr'><strong>ceteris</strong></span> <span class='ocrx_word' id='word_1_149' title='bbox 642 2402 787 2468; x_wconf 90' lang='lat' dir='ltr'><strong>exclusis</strong></span> <span class='ocrx_word' id='word_1_150' title='bbox 811 2404 871 2485; x_wconf 81' lang='lat'>(1).</span> 
     </span>
    </p>

    <p class='ocr_par' dir='ltr' id='par_1_3' title="bbox 146 2507 1334 3216">
     <span class='ocr_line' id='line_1_21' title="bbox 238 2507 1334 2595; baseline 0 -24"><span class='ocrx_word' id='word_1_151' title='bbox 238 2511 311 2572; x_wconf 77' lang='lat'>120.</span> <span class='ocrx_word' id='word_1_152' title='bbox 336 2508 463 2574; x_wconf 89' lang='lat' dir='ltr'><strong>Verum</strong></span> <span class='ocrx_word' id='word_1_153' title='bbox 487 2510 575 2594; x_wconf 93' lang='lat' dir='ltr'><strong>quod</strong></span> <span class='ocrx_word' id='word_1_154' title='bbox 599 2518 681 2575; x_wconf 90' lang='lat' dir='ltr'><strong>tunc</strong></span> <span class='ocrx_word' id='word_1_155' title='bbox 705 2533 746 2576; x_wconf 86' lang='lat' dir='ltr'><strong>ex</strong></span> <span class='ocrx_word' id='word_1_156' title='bbox 768 2508 981 2595; x_wconf 85' lang='lat' dir='ltr'><strong>lacrymabili</strong></span> <span class='ocrx_word' id='word_1_157' title='bbox 1006 2507 1262 2574; x_wconf 87' lang='lat' dir='ltr'><strong>circumstantia</strong></span> <span class='ocrx_word' id='word_1_158' title='bbox 1286 2513 1334 2572; x_wconf 51' lang='lat' dir='ltr'><strong>et¹</strong></span> 
     </span>
     <span class='ocr_line' id='line_1_22' title="bbox 147 2615 1319 2702; baseline -0.001 -22"><span class='ocrx_word' id='word_1_159' title='bbox 147 2616 234 2680; x_wconf 90' lang='lat' dir='ltr'><strong>dura</strong></span> <span class='ocrx_word' id='word_1_160' title='bbox 258 2615 457 2681; x_wconf 89' lang='lat' dir='ltr'><strong>necessitate</strong></span> <span class='ocrx_word' id='word_1_161' title='bbox 481 2615 708 2683; x_wconf 89' lang='lat' dir='ltr'><strong>tollerandum</strong></span> <span class='ocrx_word' id='word_1_162' title='bbox 739 2623 821 2700; x_wconf 89' lang='lat' dir='ltr'><strong>erat,</strong></span> <span class='ocrx_word' id='word_1_163' title='bbox 846 2639 928 2702; x_wconf 83' lang='lat' dir='ltr'><strong>pace</strong></span> <span class='ocrx_word' id='word_1_164' title='bbox 952 2617 1124 2682; x_wconf 84' lang='lat' dir='ltr'><strong>Ecclesiae</strong></span> <span class='ocrx_word' id='word_1_165' title='bbox 1148 2616 1319 2698; x_wconf 85' lang='lat' dir='ltr'><strong>redonata,</strong></span> 
     </span>
     <span class='ocr_line' id='line_1_23' title="bbox 146 2722 1320 2808; baseline -0.002 -20"><span class='ocrx_word' id='word_1_166' title='bbox 146 2723 333 2808; x_wconf 88' lang='lat' dir='ltr'><strong>perdurare</strong></span> <span class='ocrx_word' id='word_1_167' title='bbox 356 2745 421 2787; x_wconf 90' lang='lat' dir='ltr'><strong>non</strong></span> <span class='ocrx_word' id='word_1_168' title='bbox 447 2730 581 2808; x_wconf 87' lang='lat' dir='ltr'><strong>poterat</strong></span> <span class='ocrx_word' id='word_1_169' title='bbox 603 2723 686 2807; x_wconf 92' lang='lat' dir='ltr'><strong>quin</strong></span> <span class='ocrx_word' id='word_1_170' title='bbox 709 2724 963 2788; x_wconf 89' lang='lat' dir='ltr'><strong>offenderentur</strong></span> <span class='ocrx_word' id='word_1_171' title='bbox 986 2722 1141 2808; x_wconf 85' lang='lat' dir='ltr'><strong>legitima</strong></span> <span class='ocrx_word' id='word_1_172' title='bbox 1157 2722 1233 2788; x_wconf 90' lang='lat' dir='ltr'><strong>iura</strong></span> <span class='ocrx_word' id='word_1_173' title='bbox 1257 2724 1320 2788; x_wconf 89' lang='lat' dir='ltr'><strong>Eo·</strong></span> 
     </span>
     <span class='ocr_line' id='line_1_24' title="bbox 146 2813 1320 2912; baseline 0.001 -19"><span class='ocrx_word' id='word_1_174' title='bbox 146 2829 277 2894; x_wconf 85' lang='lat' dir='ltr'><strong>clasiae.</strong></span> <span class='ocrx_word' id='word_1_175' title='bbox 317 2827 346 2892; x_wconf 89' lang='lat' dir='ltr'><strong>E</strong></span> <span class='ocrx_word' id='word_1_176' title='bbox 372 2828 550 2912; x_wconf 89' lang='lat' dir='ltr'><strong>contrario,</strong></span> <span class='ocrx_word' id='word_1_177' title='bbox 581 2813 731 2894; x_wconf 81' lang='lat' dir='ltr'><strong>cessante</strong></span> <span class='ocrx_word' id='word_1_178' title='bbox 764 2852 864 2894; x_wconf 89' lang='lat' dir='ltr'><strong>causa</strong></span> <span class='ocrx_word' id='word_1_179' title='bbox 891 2852 959 2894; x_wconf 92' lang='lat' dir='ltr'><strong>non</strong></span> <span class='ocrx_word' id='word_1_180' title='bbox 982 2836 1156 2894; x_wconf 85' lang='lat' dir='ltr'><strong>cessarunt</strong></span> <span class='ocrx_word' id='word_1_181' title='bbox 1178 2829 1320 2894; x_wconf 84' lang='lat' dir='ltr'><strong>effectus</strong></span> 
     </span>
     <span class='ocr_line' id='line_1_25' title="bbox 146 2935 1321 3022; baseline -0.001 -21"><span class='ocrx_word' id='word_1_182' title='bbox 146 2937 252 3002; x_wconf 90' lang='lat' dir='ltr'><strong>immo</strong></span> <span class='ocrx_word' id='word_1_183' title='bbox 274 2959 355 3002; x_wconf 85' lang='lat' dir='ltr'><strong>vero</strong></span> <span class='ocrx_word' id='word_1_184' title='bbox 377 2945 412 3000; x_wconf 87' lang='lat' dir='ltr'><strong>et</strong></span> <span class='ocrx_word' id='word_1_185' title='bbox 434 2935 493 3002; x_wconf 90' lang='lat' dir='ltr'><strong>alii</strong></span> <span class='ocrx_word' id='word_1_186' title='bbox 521 2944 718 3022; x_wconf 90' lang='lat' dir='ltr'><strong>praetextus</strong></span> <span class='ocrx_word' id='word_1_187' title='bbox 741 2960 760 3001; x_wconf 89' lang='lat' dir='ltr'><strong>a</strong></span> <span class='ocrx_word' id='word_1_188' title='bbox 784 2945 951 3021; x_wconf 89' lang='lat' dir='ltr'><strong>potestate</strong></span> <span class='ocrx_word' id='word_1_189' title='bbox 967 2936 1062 3001; x_wconf 91' lang='lat' dir='ltr'><strong>civili</strong></span> <span class='ocrx_word' id='word_1_190' title='bbox 1091 2935 1214 3021; x_wconf 90' lang='lat' dir='ltr'><strong>prolati</strong></span> <span class='ocrx_word' id='word_1_191' title='bbox 1241 2943 1321 3000; x_wconf 88' lang='lat' dir='ltr'><strong>sunt</strong></span> 
     </span>
     <span class='ocr_line' id='line_1_26' title="bbox 146 3042 1320 3129; baseline -0.003 -20"><span class='ocrx_word' id='word_1_192' title='bbox 146 3044 190 3110; x_wconf 90' lang='lat' dir='ltr'><strong>ad</strong></span> <span class='ocrx_word' id='word_1_193' title='bbox 214 3044 256 3108; x_wconf 88' lang='lat' dir='ltr'><strong>R.</strong></span> <span class='ocrx_word' id='word_1_194' title='bbox 281 3043 397 3108; x_wconf 85' lang='lat' dir='ltr'><strong>Placet</strong></span> <span class='ocrx_word' id='word_1_195' title='bbox 420 3042 635 3108; x_wconf 89' lang='lat' dir='ltr'><strong>retinendum</strong></span> <span class='ocrx_word' id='word_1_196' title='bbox 657 3044 748 3129; x_wconf 90' lang='lat' dir='ltr'><strong>apud</strong></span> <span class='ocrx_word' id='word_1_197' title='bbox 772 3043 926 3108; x_wconf 86' lang='lat' dir='ltr'><strong>nationes</strong></span> <span class='ocrx_word' id='word_1_198' title='bbox 948 3051 982 3108; x_wconf 91' lang='lat' dir='ltr'><strong>et</strong></span> <span class='ocrx_word' id='word_1_199' title='bbox 1005 3043 1176 3128; x_wconf 87' lang='lat' dir='ltr'><strong>gradatim</strong></span> <span class='ocrx_word' id='word_1_200' title='bbox 1200 3042 1320 3128; x_wconf 86' lang='lat' dir='ltr'><strong>ampli-</strong></span> 
     </span>
     <span class='ocr_line' id='line_1_27' title="bbox 147 3141 1276 3216; baseline -0.002 0"><span class='ocrx_word' id='word_1_201' title='bbox 147 3151 328 3216; x_wconf 88' lang='lat' dir='ltr'><strong>ficandum.</strong></span> <span class='ocrx_word' id='word_1_202' title='bbox 1273 3141 1276 3146; x_wconf 45' lang='lat'><strong>¹</strong></span> 
     </span>
    </p>

    <p class='ocr_par' dir='ltr' id='par_1_4' title="bbox 145 3257 1335 3664">
     <span class='ocr_line' id='line_1_28' title="bbox 236 3257 1321 3342; baseline 0 -20"><span class='ocrx_word' id='word_1_203' title='bbox 236 3259 292 3322; x_wconf 79' lang='lat' dir='ltr'><strong>lta</strong></span> <span class='ocrx_word' id='word_1_204' title='bbox 314 3281 365 3322; x_wconf 86' lang='lat' dir='ltr'><strong>ex.</strong></span> <span class='ocrx_word' id='word_1_205' title='bbox 401 3279 451 3342; x_wconf 85' lang='lat' dir='ltr'><strong>gr.</strong></span> <span class='ocrx_word' id='word_1_206' title='bbox 489 3257 617 3322; x_wconf 87' lang='lat' dir='ltr'><strong>dictum</strong></span> <span class='ocrx_word' id='word_1_207' title='bbox 652 3266 703 3322; x_wconf 88' lang='lat' dir='ltr'><strong>est</strong></span> <span class='ocrx_word' id='word_1_208' title='bbox 738 3258 800 3324; x_wconf 93' lang='lat' dir='ltr'><strong>hoc</strong></span> <span class='ocrx_word' id='word_1_209' title='bbox 823 3257 876 3322; x_wconf 88' lang='lat' dir='ltr'><strong>ius</strong></span> <span class='ocrx_word' id='word_1_210' title='bbox 910 3257 1091 3322; x_wconf 88' lang='lat' dir='ltr'><strong>intrinsece</strong></span> <span class='ocrx_word' id='word_1_211' title='bbox 1116 3257 1158 3322; x_wconf 91' lang='lat' dir='ltr'><strong>ad</strong></span> <span class='ocrx_word' id='word_1_212' title='bbox 1184 3257 1321 3322; x_wconf 87' lang='lat' dir='ltr'><strong>Statum</strong></span> 
     </span>
     <span class='ocr_line' id='line_1_29' title="bbox 147 3362 1319 3451; baseline -0.002 -23"><span class='ocrx_word' id='word_1_213' title='bbox 147 3363 319 3451; x_wconf 88' lang='lat' dir='ltr'><strong>pertinere</strong></span> <span class='ocrx_word' id='word_1_214' title='bbox 344 3367 377 3426; x_wconf 84' lang='grc' dir='ltr'><strong>1ο</strong></span> <span class='ocrx_word' id='word_1_215' title='bbox 410 3362 491 3448; x_wconf 92' lang='lat' dir='ltr'><strong>quia</strong></span> <span class='ocrx_word' id='word_1_216' title='bbox 515 3363 633 3428; x_wconf 82' lang='lat' dir='ltr'><strong>Status</strong></span> <span class='ocrx_word' id='word_1_217' title='bbox 665 3371 716 3428; x_wconf 90' lang='lat' dir='ltr'><strong>est</strong></span> <span class='ocrx_word' id='word_1_218' title='bbox 740 3363 906 3428; x_wconf 88' lang='lat' dir='ltr'><strong>naturalis</strong></span> <span class='ocrx_word' id='word_1_219' title='bbox 930 3372 1101 3449; x_wconf 89' lang='lat' dir='ltr'><strong>protector</strong></span> <span class='ocrx_word' id='word_1_220' title='bbox 1124 3363 1319 3445; x_wconf 88' lang='lat' dir='ltr'><strong>Ecclesiae;</strong></span> 
     </span>
     <span class='ocr_line' id='line_1_30' title="bbox 146 3471 1335 3557; baseline -0.001 -20"><span class='ocrx_word' id='word_1_221' title='bbox 146 3473 183 3537; x_wconf 77' lang='lat'><strong>2⁰</strong></span> <span class='ocrx_word' id='word_1_222' title='bbox 206 3472 287 3556; x_wconf 88' lang='lat' dir='ltr'><strong>quia</strong></span> <span class='ocrx_word' id='word_1_223' title='bbox 311 3473 352 3537; x_wconf 92' lang='lat' dir='ltr'><strong>ad</strong></span> <span class='ocrx_word' id='word_1_224' title='bbox 377 3495 453 3536; x_wconf 90' lang='lat' dir='ltr'><strong>eum</strong></span> <span class='ocrx_word' id='word_1_225' title='bbox 489 3479 621 3556; x_wconf 90' lang='lat' dir='ltr'><strong>spectat</strong></span> <span class='ocrx_word' id='word_1_226' title='bbox 655 3472 771 3538; x_wconf 88' lang='lat' dir='ltr'><strong>videre</strong></span> <span class='ocrx_word' id='word_1_227' title='bbox 807 3495 851 3540; x_wconf 90' lang='lat' dir='ltr'><strong>an</strong></span> <span class='ocrx_word' id='word_1_228' title='bbox 885 3473 977 3556; x_wconf 85' lang='lat' dir='ltr'><strong>leges</strong></span> <span class='ocrx_word' id='word_1_229' title='bbox 1000 3471 1172 3538; x_wconf 83' lang='lat' dir='ltr'><strong>Ecclesiae</strong></span> <span class='ocrx_word' id='word_1_230' title='bbox 1196 3471 1335 3557; x_wconf 87' lang='lat' dir='ltr'><strong>populo·</strong></span> 
     </span>
     <span class='ocr_line' id='line_1_31' title="bbox 145 3578 1207 3664; baseline -0.003 -19"><span class='ocrx_word' id='word_1_231' title='bbox 145 3579 287 3646; x_wconf 89' lang='lat' dir='ltr'><strong>nocivae</strong></span> <span class='ocrx_word' id='word_1_232' title='bbox 310 3579 389 3664; x_wconf 83' lang='lat' dir='ltr'><strong>sint,</strong></span> <span class='ocrx_word' id='word_1_233' title='bbox 414 3601 455 3644; x_wconf 89' lang='lat' dir='ltr'><strong>ex</strong></span> <span class='ocrx_word' id='word_1_234' title='bbox 478 3600 544 3662; x_wconf 91' lang='lat' dir='ltr'><strong>quo</strong></span> <span class='ocrx_word' id='word_1_235' title='bbox 568 3579 704 3644; x_wconf 87' lang='lat' dir='ltr'><strong>derivat</strong></span> <span class='ocrx_word' id='word_1_236' title='bbox 727 3579 816 3663; x_wconf 91' lang='lat' dir='ltr'><strong>quod</strong></span> <span class='ocrx_word' id='word_1_237' title='bbox 840 3578 960 3643; x_wconf 91' lang='lat' dir='ltr'><strong>dicunt</strong></span> <span class='ocrx_word' id='word_1_238' title='bbox 983 3581 1037 3643; x_wconf 83' lang='lat' dir='ltr'><strong>ias</strong></span> <span class='ocrx_word' id='word_1_239' title='bbox 1060 3579 1207 3643; x_wconf 82' lang='lat' dir='ltr'><strong>canendi.</strong></span> 
     </span>
    </p>

    <p class='ocr_par' dir='ltr' id='par_1_5' title="bbox 145 3685 1335 3875">
     <span class='ocr_line' id='line_1_32' title="bbox 237 3685 1335 3770; baseline -0.001 -20"><span class='ocrx_word' id='word_1_240' title='bbox 237 3685 300 3751; x_wconf 88' lang='lat' dir='ltr'><strong>His</strong></span> <span class='ocrx_word' id='word_1_241' title='bbox 323 3694 438 3750; x_wconf 88' lang='lat' dir='ltr'><strong>tamen</strong></span> <span class='ocrx_word' id='word_1_242' title='bbox 476 3685 747 3770; x_wconf 91' lang='lat' dir='ltr'><strong>respondendum</strong></span> <span class='ocrx_word' id='word_1_243' title='bbox 782 3686 825 3750; x_wconf 92' lang='lat' dir='ltr'><strong>ad</strong></span> <span class='ocrx_word' id='word_1_244' title='bbox 850 3685 981 3770; x_wconf 69' lang='lat' dir='ltr'><strong>Lquod</strong></span> <span class='ocrx_word' id='word_1_245' title='bbox 1017 3707 1206 3770; x_wconf 87' lang='lat' dir='ltr'><strong>supponere</strong></span> <span class='ocrx_word' id='word_1_246' title='bbox 1229 3685 1335 3770; x_wconf 84' lang='lat' dir='ltr'><strong>leges</strong></span> 
     </span>
     <span class='ocr_line' id='line_1_33' title="bbox 145 3789 1320 3875; baseline -0.003 -17"><span class='ocrx_word' id='word_1_247' title='bbox 145 3791 321 3858; x_wconf 88' lang='lat' dir='ltr'><strong>Ecclesiae</strong></span> <span class='ocrx_word' id='word_1_248' title='bbox 344 3789 503 3874; x_wconf 86' lang='lat' dir='ltr'><strong>examini,</strong></span> <span class='ocrx_word' id='word_1_249' title='bbox 528 3813 596 3857; x_wconf 88' lang='lat' dir='ltr'><strong>non</strong></span> <span class='ocrx_word' id='word_1_250' title='bbox 614 3799 665 3856; x_wconf 85' lang='lat' dir='ltr'><strong>est</strong></span> <span class='ocrx_word' id='word_1_251' title='bbox 681 3793 799 3858; x_wconf 88' lang='lat' dir='ltr'><strong>modus</strong></span> <span class='ocrx_word' id='word_1_252' title='bbox 811 3791 1016 3856; x_wconf 86' lang='lat' dir='ltr'><strong>defendendi</strong></span> <span class='ocrx_word' id='word_1_253' title='bbox 1033 3794 1087 3874; x_wconf 83' lang='lat'>(2);</span> <span class='ocrx_word' id='word_1_254' title='bbox 1113 3791 1155 3856; x_wconf 89' lang='lat' dir='ltr'><strong>ad</strong></span> <span class='ocrx_word' id='word_1_255' title='bbox 1180 3793 1210 3873; x_wconf 75' lang='lat'><strong>2,</strong></span> <span class='ocrx_word' id='word_1_256' title='bbox 1231 3791 1320 3875; x_wconf 90' lang='lat' dir='ltr'><strong>quod</strong></span> 
     </span>
    </p>
   </div>
   <div class='ocr_carea' id='block_1_3' title="bbox 219 4023 1216 4096">
    <p class='ocr_par' dir='ltr' id='par_1_6' title="bbox 219 4023 1216 4096">
     <span class='ocr_line' id='line_1_34' title="bbox 219 4023 1216 4096; baseline 0.001 -17"><span class='ocrx_word' id='word_1_257' title='bbox 219 4026 260 4096; x_wconf 82' lang='lat'><strong>(1)</strong></span> <span class='ocrx_word' id='word_1_258' title='bbox 281 4023 345 4080; x_wconf 76' lang='lat' dir='ltr'><strong>ufr.</strong></span> <span class='ocrx_word' id='word_1_259' title='bbox 365 4024 458 4078; x_wconf 84' lang='lat' dir='ltr'><strong>etiam</strong></span> <span class='ocrx_word' id='word_1_260' title='bbox 484 4026 614 4091; x_wconf 79' lang='lat' dir='ltr'><strong>Venta-rs,</strong></span> <span class='ocrx_word' id='word_1_261' title='bbox 635 4033 706 4078; x_wconf 87' lang='lat' dir='ltr'><strong>tom.</strong></span> <span class='ocrx_word' id='word_1_262' title='bbox 724 4027 750 4088; x_wconf 77' lang='grc'><strong>2,</strong></span> <span class='ocrx_word' id='word_1_263' title='bbox 772 4043 798 4095; x_wconf 83' lang='grc' dir='ltr'><strong>ρ.</strong></span> <span class='ocrx_word' id='word_1_264' title='bbox 816 4026 878 4092; x_wconf 75' lang='grc' dir='ltr'><strong>3ἶ6;</strong></span> <span class='ocrx_word' id='word_1_265' title='bbox 899 4029 1054 4096; x_wconf 80' lang='lat' dir='ltr'><strong>Tarquini,</strong></span> <span class='ocrx_word' id='word_1_266' title='bbox 1075 4024 1216 4080; x_wconf 78' lang='lat' dir='ltr'><strong>diescit.</strong></span> 
     </span>
    </p>
   </div>
   <div class='ocr_carea' id='block_1_4' title="bbox 146 4131 1321 4381">
    <p class='ocr_par' dir='ltr' id='par_1_7' title="bbox 146 4131 1321 4381">
     <span class='ocr_line' id='line_1_35' title="bbox 219 4131 1321 4203; baseline 0 -17"><span class='ocrx_word' id='word_1_267' title='bbox 219 4133 260 4200; x_wconf 73' lang='lat'><strong>(2)</strong></span> <span class='ocrx_word' id='word_1_268' title='bbox 281 4131 327 4184; x_wconf 90' lang='lat' dir='ltr'><strong>Ad</strong></span> <span class='ocrx_word' id='word_1_269' title='bbox 348 4147 409 4184; x_wconf 88' lang='lat' dir='ltr'><strong>rem</strong></span> <span class='ocrx_word' id='word_1_270' title='bbox 439 4133 596 4196; x_wconf 81' lang='lat' dir='ltr'><strong>Zaccuria,</strong></span> <span class='ocrx_word' id='word_1_271' title='bbox 630 4152 643 4181; x_wconf 72' lang='lat' dir='ltr'><strong>a</strong></span> <span class='ocrx_word' id='word_1_272' title='bbox 672 4131 817 4186; x_wconf 74' lang='lat' dir='ltr'><strong>Comandi</strong></span> <span class='ocrx_word' id='word_1_273' title='bbox 840 4131 887 4184; x_wconf 91' lang='lat' dir='ltr'><strong>chi</strong></span> <span class='ocrx_word' id='word_1_274' title='bbox 917 4132 974 4202; x_wconf 84' lang='lat' dir='ltr'><strong>pub</strong></span> <span class='ocrx_word' id='word_1_275' title='bbox 1005 4150 1065 4186; x_wconf 89' lang='lat' dir='ltr'><strong>acc.</strong></span> <span class='ocrx_word' id='word_1_276' title='bbox 1092 4153 1115 4198; x_wconf 79' lang='lat'><strong>›,</strong></span> <span class='ocrx_word' id='word_1_277' title='bbox 1149 4149 1218 4203; x_wconf 85' lang='lat' dir='ltr'><strong>pag.</strong></span> <span class='ocrx_word' id='word_1_278' title='bbox 1248 4133 1321 4186; x_wconf 79' lang='lat'>212:</span> 
     </span>
     <span class='ocr_line' id='line_1_36' title="bbox 146 4219 1321 4294; baseline 0.003 -22"><span class='ocrx_word' id='word_1_279' title='bbox 146 4241 162 4272; x_wconf 72' lang='lat' dir='ltr'><strong>c</strong></span> <span class='ocrx_word' id='word_1_280' title='bbox 183 4219 358 4290; x_wconf 83' lang='lat' dir='ltr'><strong>Singularis</strong></span> <span class='ocrx_word' id='word_1_281' title='bbox 378 4220 501 4274; x_wconf 88' lang='lat' dir='ltr'><strong>omniuo</strong></span> <span class='ocrx_word' id='word_1_282' title='bbox 523 4220 576 4275; x_wconf 90' lang='lat' dir='ltr'><strong>illa</strong></span> <span class='ocrx_word' id='word_1_283' title='bbox 590 4221 739 4291; x_wconf 84' lang='lat' dir='ltr'><strong>protectio</strong></span> <span class='ocrx_word' id='word_1_284' title='bbox 753 4222 881 4276; x_wconf 87' lang='lat' dir='ltr'><strong>dicenda</strong></span> <span class='ocrx_word' id='word_1_285' title='bbox 894 4239 971 4294; x_wconf 89' lang='lat' dir='ltr'><strong>quae</strong></span> <span class='ocrx_word' id='word_1_286' title='bbox 987 4223 1016 4276; x_wconf 90' lang='lat' dir='ltr'><strong>in</strong></span> <span class='ocrx_word' id='word_1_287' title='bbox 1030 4222 1157 4292; x_wconf 84' lang='lat' dir='ltr'><strong>protecti</strong></span> <span class='ocrx_word' id='word_1_288' title='bbox 1178 4222 1321 4276; x_wconf 86' lang='lat' dir='ltr'><strong>damnum</strong></span> 
     </span>
     <span class='ocr_line' id='line_1_37' title="bbox 148 4309 959 4381; baseline 0.007 -19"><span class='ocrx_word' id='word_1_289' title='bbox 148 4327 184 4362; x_wconf 88' lang='lat' dir='ltr'><strong>ac</strong></span> <span class='ocrx_word' id='word_1_290' title='bbox 205 4316 312 4363; x_wconf 84' lang='lat' dir='ltr'><strong>contra</strong></span> <span class='ocrx_word' id='word_1_291' title='bbox 330 4309 458 4381; x_wconf 80' lang='lat' dir='ltr'><strong>protecti</strong></span> <span class='ocrx_word' id='word_1_292' title='bbox 480 4310 667 4365; x_wconf 85' lang='lat' dir='ltr'><strong>voluntatem</strong></span> <span class='ocrx_word' id='word_1_293' title='bbox 688 4311 718 4364; x_wconf 92' lang='lat' dir='ltr'><strong>vi</strong></span> <span class='ocrx_word' id='word_1_294' title='bbox 738 4319 915 4366; x_wconf 85' lang='lat' dir='ltr'><strong>exerceatur</strong></span> <span class='ocrx_word' id='word_1_295' title='bbox 935 4331 959 4369; x_wconf 74' lang='lat' dir='ltr'><strong>r.</strong></span> 
     </span>
    </p>
   </div>
   <div class='ocr_carea' id='block_1_5' title="bbox 0 0 1638 4896">
    <p class='ocr_par' dir='ltr' id='par_1_8' title="bbox 0 0 1638 4896">
     <span class='ocr_line' id='line_1_38' title="bbox 0 0 1638 4896; baseline 0 0"><span class='ocrx_word' id='word_1_296' title='bbox 0 0 1638 4896; x_wconf 95' lang='lat' dir='ltr'><strong> </strong></span> 
     </span>
    </p>
   </div>
  </div>
 </body>
</html>
