<?xml version="1.0" encoding="UTF-8"?>
<!DOCTYPE html PUBLIC "-//W3C//DTD XHTML 1.0 Transitional//EN"
    "http://www.w3.org/TR/xhtml1/DTD/xhtml1-transitional.dtd">
<html xmlns="http://www.w3.org/1999/xhtml" xml:lang="en" lang="en">
 <head>
  <title>
</title>
<meta http-equiv="Content-Type" content="text/html;charset=utf-8" />
  <meta name='ocr-system' content='tesseract 3.04.00' />
  <meta name='ocr-capabilities' content='ocr_page ocr_carea ocr_par ocr_line ocrx_word'/>
</head>
<body>
  <div class='ocr_page' id='page_1' title='image "./elementaiurisec00munegoog_0241.png"; bbox 0 0 3220 4898; ppageno 0'>
   <div class='ocr_carea' id='block_1_1' title="bbox 310 538 1478 1590">
    <p class='ocr_par' dir='ltr' id='par_1_1' title="bbox 311 538 1478 834">
     <span class='ocr_line' id='line_1_1' title="bbox 401 538 1478 628; baseline 0.004 -26"><span class='ocrx_word' id='word_1_1' title='bbox 401 542 428 620; x_wconf 90' lang='lat' dir='ltr'>e)</span> <span class='ocrx_word' id='word_1_2' title='bbox 451 538 528 604; x_wconf 90' lang='lat' dir='ltr'>Non</span> <span class='ocrx_word' id='word_1_3' title='bbox 549 541 760 626; x_wconf 89' lang='lat' dir='ltr'>propinquus</span> <span class='ocrx_word' id='word_1_4' title='bbox 793 541 956 628; x_wconf 79' lang='lat' dir='ltr'>Episcopi</span> <span class='ocrx_word' id='word_1_5' title='bbox 983 546 1039 628; x_wconf 79' lang='grc'>(1),</span> <span class='ocrx_word' id='word_1_6' title='bbox 1074 565 1135 608; x_wconf 88' lang='lat' dir='ltr'>nec</span> <span class='ocrx_word' id='word_1_7' title='bbox 1170 541 1199 608; x_wconf 92' lang='lat' dir='ltr'>si</span> <span class='ocrx_word' id='word_1_8' title='bbox 1234 542 1391 628; x_wconf 90' lang='lat' dir='ltr'>possibile</span> <span class='ocrx_word' id='word_1_9' title='bbox 1427 549 1478 608; x_wconf 89' lang='lat' dir='ltr'>est</span> 
     </span>
     <span class='ocr_line' id='line_1_2' title="bbox 312 645 1471 734; baseline 0.005 -27"><span class='ocrx_word' id='word_1_10' title='bbox 312 665 379 708; x_wconf 92' lang='lat' dir='ltr'>non</span> <span class='ocrx_word' id='word_1_11' title='bbox 400 645 549 710; x_wconf 89' lang='lat' dir='ltr'>eiusdem</span> <span class='ocrx_word' id='word_1_12' title='bbox 571 646 755 714; x_wconf 86' lang='lat' dir='ltr'>dioeceseos</span> <span class='ocrx_word' id='word_1_13' title='bbox 777 648 919 734; x_wconf 88' lang='lat' dir='ltr'>originis</span> <span class='ocrx_word' id='word_1_14' title='bbox 934 647 1096 734; x_wconf 77' lang='lat' dir='ltr'>Episcopi</span> <span class='ocrx_word' id='word_1_15' title='bbox 1112 649 1155 714; x_wconf 86' lang='lat' dir='ltr'>ad</span> <span class='ocrx_word' id='word_1_16' title='bbox 1172 648 1330 715; x_wconf 84' lang='lat' dir='ltr'>vitandas</span> <span class='ocrx_word' id='word_1_17' title='bbox 1345 649 1471 714; x_wconf 86' lang='lat' dir='ltr'>obtrec-</span> 
     </span>
     <span class='ocr_line' id='line_1_3' title="bbox 311 738 536 834; baseline 0.009 -18"><span class='ocrx_word' id='word_1_18' title='bbox 311 738 456 816; x_wconf 81' lang='lat' dir='ltr'>tationes</span> <span class='ocrx_word' id='word_1_19' title='bbox 479 753 536 834; x_wconf 79' lang='lat'><strong>(2).</strong></span> 
     </span>
    </p>

    <p class='ocr_par' dir='ltr' id='par_1_2' title="bbox 310 859 1477 1370">
     <span class='ocr_line' id='line_1_4' title="bbox 400 859 1471 948; baseline 0.004 -25"><span class='ocrx_word' id='word_1_20' title='bbox 400 861 453 923; x_wconf 79' lang='lat'>57.</span> <span class='ocrx_word' id='word_1_21' title='bbox 477 859 630 926; x_wconf 75' lang='lat' dir='ltr'>Potestas</span> <span class='ocrx_word' id='word_1_22' title='bbox 655 860 779 926; x_wconf 87' lang='lat' dir='ltr'>Viearii</span> <span class='ocrx_word' id='word_1_23' title='bbox 802 862 969 947; x_wconf 86' lang='lat' dir='ltr'>generalis</span> <span class='ocrx_word' id='word_1_24' title='bbox 996 886 1038 927; x_wconf 82' lang='lat' dir='ltr'>ex</span> <span class='ocrx_word' id='word_1_25' title='bbox 1065 863 1292 928; x_wconf 77' lang='lat' dir='ltr'>communiore</span> <span class='ocrx_word' id='word_1_26' title='bbox 1328 871 1362 928; x_wconf 89' lang='lat' dir='ltr'>et</span> <span class='ocrx_word' id='word_1_27' title='bbox 1396 885 1471 948; x_wconf 94' lang='lat' dir='ltr'>pro-</span> 
     </span>
     <span class='ocr_line' id='line_1_5' title="bbox 311 963 1477 1059; baseline 0.005 -31"><span class='ocrx_word' id='word_1_28' title='bbox 311 963 473 1030; x_wconf 85' lang='lat' dir='ltr'>babiliore</span> <span class='ocrx_word' id='word_1_29' title='bbox 495 965 663 1032; x_wconf 83' lang='lat' dir='ltr'>sententia</span> <span class='ocrx_word' id='word_1_30' title='bbox 686 975 737 1032; x_wconf 90' lang='lat' dir='ltr'>est</span> <span class='ocrx_word' id='word_1_31' title='bbox 759 968 931 1034; x_wconf 88' lang='lat' dir='ltr'>ordinaria</span> <span class='ocrx_word' id='word_1_32' title='bbox 946 971 992 1051; x_wconf 83' lang='lat'>(3)</span> <span class='ocrx_word' id='word_1_33' title='bbox 1009 977 1044 1033; x_wconf 87' lang='lat' dir='ltr'>et</span> <span class='ocrx_word' id='word_1_34' title='bbox 1067 991 1101 1034; x_wconf 93' lang='lat' dir='ltr'>se</span> <span class='ocrx_word' id='word_1_35' title='bbox 1123 969 1277 1059; x_wconf 84' lang='lat' dir='ltr'>extendit</span> <span class='ocrx_word' id='word_1_36' title='bbox 1295 978 1334 1034; x_wconf 85' lang='lat' dir='ltr'>ut</span> <span class='ocrx_word' id='word_1_37' title='bbox 1350 969 1477 1054; x_wconf 90' lang='lat' dir='ltr'>episco-</span> 
     </span>
     <span class='ocr_line' id='line_1_6' title="bbox 310 1071 1472 1161; baseline 0.003 -25"><span class='ocrx_word' id='word_1_38' title='bbox 310 1080 420 1156; x_wconf 86' lang='lat' dir='ltr'>patus,</span> <span class='ocrx_word' id='word_1_39' title='bbox 443 1071 486 1138; x_wconf 92' lang='lat' dir='ltr'>iis</span> <span class='ocrx_word' id='word_1_40' title='bbox 509 1075 617 1138; x_wconf 91' lang='lat' dir='ltr'>solum</span> <span class='ocrx_word' id='word_1_41' title='bbox 640 1073 789 1159; x_wconf 86' lang='lat' dir='ltr'>exceptis</span> <span class='ocrx_word' id='word_1_42' title='bbox 812 1097 898 1159; x_wconf 90' lang='lat' dir='ltr'>quae</span> <span class='ocrx_word' id='word_1_43' title='bbox 921 1075 975 1140; x_wconf 90' lang='lat' dir='ltr'>ius</span> <span class='ocrx_word' id='word_1_44' title='bbox 998 1099 1069 1142; x_wconf 89' lang='lat' dir='ltr'>can.</span> <span class='ocrx_word' id='word_1_45' title='bbox 1094 1075 1292 1160; x_wconf 75' lang='lat' dir='ltr'>reservavit,</span> <span class='ocrx_word' id='word_1_46' title='bbox 1317 1078 1371 1142; x_wconf 89' lang='lat' dir='ltr'>vel</span> <span class='ocrx_word' id='word_1_47' title='bbox 1386 1097 1472 1161; x_wconf 87' lang='lat' dir='ltr'>quae</span> 
     </span>
     <span class='ocr_line' id='line_1_7' title="bbox 311 1178 1477 1268; baseline 0.005 -24"><span class='ocrx_word' id='word_1_48' title='bbox 311 1178 480 1266; x_wconf 80' lang='lat' dir='ltr'>Episcopo</span> <span class='ocrx_word' id='word_1_49' title='bbox 504 1180 568 1245; x_wconf 92' lang='lat' dir='ltr'>sibi</span> <span class='ocrx_word' id='word_1_50' title='bbox 592 1204 763 1246; x_wconf 86' lang='lat' dir='ltr'>reservare</span> <span class='ocrx_word' id='word_1_51' title='bbox 786 1183 981 1267; x_wconf 78' lang='lat' dir='ltr'>declaravit,</span> <span class='ocrx_word' id='word_1_52' title='bbox 1006 1183 1060 1248; x_wconf 87' lang='lat' dir='ltr'>vel</span> <span class='ocrx_word' id='word_1_53' title='bbox 1082 1182 1186 1250; x_wconf 83' lang='lat' dir='ltr'>etiam</span> <span class='ocrx_word' id='word_1_54' title='bbox 1201 1207 1287 1268; x_wconf 89' lang='lat' dir='ltr'>quae</span> <span class='ocrx_word' id='word_1_55' title='bbox 1303 1192 1477 1250; x_wconf 84' lang='lat' dir='ltr'>reservata</span> 
     </span>
     <span class='ocr_line' id='line_1_8' title="bbox 312 1290 569 1370; baseline 0.008 -20"><span class='ocrx_word' id='word_1_56' title='bbox 312 1295 490 1351; x_wconf 84' lang='lat' dir='ltr'>censentur</span> <span class='ocrx_word' id='word_1_57' title='bbox 514 1290 569 1370; x_wconf 80' lang='lat'>(4).</span> 
     </span>
    </p>

    <p class='ocr_par' dir='ltr' id='par_1_3' title="bbox 311 1393 1476 1590">
     <span class='ocr_line' id='line_1_9' title="bbox 400 1393 1475 1482; baseline 0.004 -25"><span class='ocrx_word' id='word_1_58' title='bbox 400 1393 492 1459; x_wconf 90' lang='lat' dir='ltr'>Haec</span> <span class='ocrx_word' id='word_1_59' title='bbox 514 1402 662 1479; x_wconf 87' lang='lat' dir='ltr'>potestas</span> <span class='ocrx_word' id='word_1_60' title='bbox 685 1402 793 1461; x_wconf 85' lang='lat' dir='ltr'>cessat</span> <span class='ocrx_word' id='word_1_61' title='bbox 815 1418 876 1480; x_wconf 91' lang='lat' dir='ltr'>per</span> <span class='ocrx_word' id='word_1_62' title='bbox 898 1396 970 1461; x_wconf 89' lang='lat' dir='ltr'>eius</span> <span class='ocrx_word' id='word_1_63' title='bbox 993 1404 1145 1480; x_wconf 86' lang='lat' dir='ltr'>mortem,</span> <span class='ocrx_word' id='word_1_64' title='bbox 1170 1419 1231 1482; x_wconf 88' lang='lat' dir='ltr'>per</span> <span class='ocrx_word' id='word_1_65' title='bbox 1254 1396 1475 1462; x_wconf 81' lang='lat' dir='ltr'>renuntiatio</span> 
     </span>
     <span class='ocr_line' id='line_1_10' title="bbox 311 1502 1476 1590; baseline 0.004 -26"><span class='ocrx_word' id='word_1_66' title='bbox 311 1522 397 1584; x_wconf 90' lang='lat' dir='ltr'>nem,</span> <span class='ocrx_word' id='word_1_67' title='bbox 412 1523 473 1586; x_wconf 89' lang='lat' dir='ltr'>per</span> <span class='ocrx_word' id='word_1_68' title='bbox 495 1502 743 1568; x_wconf 82' lang='lat' dir='ltr'>revocationem</span> <span class='ocrx_word' id='word_1_69' title='bbox 765 1503 927 1587; x_wconf 87' lang='lat' dir='ltr'>mandati,</span> <span class='ocrx_word' id='word_1_70' title='bbox 951 1503 1039 1568; x_wconf 87' lang='lat' dir='ltr'>sicut</span> <span class='ocrx_word' id='word_1_71' title='bbox 1054 1513 1089 1570; x_wconf 85' lang='lat' dir='ltr'>et</span> <span class='ocrx_word' id='word_1_72' title='bbox 1105 1527 1165 1590; x_wconf 90' lang='lat' dir='ltr'>per</span> <span class='ocrx_word' id='word_1_73' title='bbox 1183 1511 1334 1590; x_wconf 89' lang='lat' dir='ltr'>mortem,</span> <span class='ocrx_word' id='word_1_74' title='bbox 1352 1526 1476 1570; x_wconf 88' lang='lat' dir='ltr'>renun-</span> 
     </span>
    </p>
   </div>
   <div class='ocr_carea' id='block_1_2' title="bbox 307 1715 1481 2151">
    <p class='ocr_par' dir='ltr' id='par_1_4' title="bbox 307 1715 1481 2151">
     <span class='ocr_line' id='line_1_11' title="bbox 382 1715 1476 1788; baseline 0.005 -20"><span class='ocrx_word' id='word_1_75' title='bbox 382 1717 421 1786; x_wconf 82' lang='lat'>(1)</span> <span class='ocrx_word' id='word_1_76' title='bbox 439 1715 507 1770; x_wconf 88' lang='lat' dir='ltr'>Hoc</span> <span class='ocrx_word' id='word_1_77' title='bbox 526 1717 775 1788; x_wconf 85' lang='lat' dir='ltr'>impedimentum</span> <span class='ocrx_word' id='word_1_78' title='bbox 794 1719 859 1773; x_wconf 88' lang='lat' dir='ltr'>iure</span> <span class='ocrx_word' id='word_1_79' title='bbox 874 1720 1024 1774; x_wconf 88' lang='lat' dir='ltr'>communi</span> <span class='ocrx_word' id='word_1_80' title='bbox 1044 1720 1244 1775; x_wconf 83' lang='lat' dir='ltr'>constitutum</span> <span class='ocrx_word' id='word_1_81' title='bbox 1256 1737 1314 1773; x_wconf 89' lang='lat' dir='ltr'>non</span> <span class='ocrx_word' id='word_1_82' title='bbox 1335 1726 1391 1785; x_wconf 89' lang='lat' dir='ltr'>est,</span> <span class='ocrx_word' id='word_1_83' title='bbox 1406 1737 1476 1773; x_wconf 89' lang='lat' dir='ltr'>nem</span> 
     </span>
     <span class='ocr_line' id='line_1_12' title="bbox 312 1807 1481 1881; baseline 0.002 -20"><span class='ocrx_word' id='word_1_84' title='bbox 312 1807 404 1873; x_wconf 79' lang='lat' dir='ltr'>nulla,</span> <span class='ocrx_word' id='word_1_85' title='bbox 423 1807 522 1878; x_wconf 84' lang='lat' dir='ltr'>quoad</span> <span class='ocrx_word' id='word_1_86' title='bbox 542 1824 682 1874; x_wconf 82' lang='lat' dir='ltr'>sciamus,</span> <span class='ocrx_word' id='word_1_87' title='bbox 702 1809 855 1877; x_wconf 79' lang='lat' dir='ltr'>generalis</span> <span class='ocrx_word' id='word_1_88' title='bbox 876 1809 925 1862; x_wconf 88' lang='lat' dir='ltr'>lex</span> <span class='ocrx_word' id='word_1_89' title='bbox 938 1810 1055 1874; x_wconf 82' lang='lat' dir='ltr'>existit,</span> <span class='ocrx_word' id='word_1_90' title='bbox 1077 1811 1253 1881; x_wconf 89' lang='lat' dir='ltr'>nullumque</span> <span class='ocrx_word' id='word_1_91' title='bbox 1266 1809 1412 1879; x_wconf 79' lang='lat' dir='ltr'>generals</span> <span class='ocrx_word' id='word_1_92' title='bbox 1428 1809 1481 1863; x_wconf 91' lang='lat' dir='ltr'>de·</span> 
     </span>
     <span class='ocr_line' id='line_1_13' title="bbox 311 1896 1480 1972; baseline 0.001 -21"><span class='ocrx_word' id='word_1_93' title='bbox 311 1903 425 1951; x_wconf 89' lang='lat' dir='ltr'>cretum</span> <span class='ocrx_word' id='word_1_94' title='bbox 445 1898 472 1972; x_wconf 94' lang='lat' dir='ltr'>S</span> <span class='ocrx_word' id='word_1_95' title='bbox 492 1896 588 1952; x_wconf 86' lang='lat' dir='ltr'>Sedis.</span> <span class='ocrx_word' id='word_1_96' title='bbox 608 1897 788 1952; x_wconf 81' lang='lat' dir='ltr'>Decisiones</span> <span class='ocrx_word' id='word_1_97' title='bbox 808 1899 977 1967; x_wconf 79' lang='lat' dir='ltr'>peculiares</span> <span class='ocrx_word' id='word_1_98' title='bbox 998 1915 1074 1970; x_wconf 83' lang='lat' dir='ltr'>quae</span> <span class='ocrx_word' id='word_1_99' title='bbox 1094 1907 1200 1952; x_wconf 85' lang='lat' dir='ltr'>contra</span> <span class='ocrx_word' id='word_1_100' title='bbox 1220 1897 1402 1968; x_wconf 85' lang='lat' dir='ltr'>afferuntur,</span> <span class='ocrx_word' id='word_1_101' title='bbox 1426 1916 1480 1968; x_wconf 86' lang='lat' dir='ltr'>ge-</span> 
     </span>
     <span class='ocr_line' id='line_1_14' title="bbox 307 1986 1480 2059; baseline 0 -18"><span class='ocrx_word' id='word_1_102' title='bbox 307 1986 414 2042; x_wconf 86' lang='lat' dir='ltr'>nerale</span> <span class='ocrx_word' id='word_1_103' title='bbox 434 1987 510 2040; x_wconf 89' lang='lat' dir='ltr'>iuris</span> <span class='ocrx_word' id='word_1_104' title='bbox 530 1987 712 2057; x_wconf 87' lang='lat' dir='ltr'>principium</span> <span class='ocrx_word' id='word_1_105' title='bbox 732 1987 918 2042; x_wconf 87' lang='lat' dir='ltr'>constituere</span> <span class='ocrx_word' id='word_1_106' title='bbox 948 1995 1112 2059; x_wconf 85' lang='lat' dir='ltr'>nequeunt.</span> <span class='ocrx_word' id='word_1_107' title='bbox 1142 1987 1204 2044; x_wconf 79' lang='lat' dir='ltr'>Ofr.</span> <span class='ocrx_word' id='word_1_108' title='bbox 1237 1991 1403 2057; x_wconf 75' lang='lat' dir='ltr'>Vecchioiii,</span> <span class='ocrx_word' id='word_1_109' title='bbox 1434 2005 1480 2058; x_wconf 91' lang='lat' dir='ltr'>op.</span> 
     </span>
     <span class='ocr_line' id='line_1_15' title="bbox 311 2074 1224 2151; baseline 0.001 -19"><span class='ocrx_word' id='word_1_110' title='bbox 311 2078 362 2133; x_wconf 87' lang='lat' dir='ltr'>cit.</span> <span class='ocrx_word' id='word_1_111' title='bbox 381 2076 404 2143; x_wconf 96' lang='grc' dir='ltr'>Ι,</span> <span class='ocrx_word' id='word_1_112' title='bbox 425 2094 450 2132; x_wconf 88' lang='lat' dir='ltr'>c.</span> <span class='ocrx_word' id='word_1_113' title='bbox 470 2077 537 2140; x_wconf 84' lang='lat' dir='ltr'>VII,</span> <span class='ocrx_word' id='word_1_114' title='bbox 557 2074 576 2147; x_wconf 58' lang='grc' dir='ltr'>ᾖ</span> <span class='ocrx_word' id='word_1_115' title='bbox 596 2077 630 2130; x_wconf 87' lang='grc'>69</span> <span class='ocrx_word' id='word_1_116' title='bbox 650 2083 711 2134; x_wconf 86' lang='lat' dir='ltr'>not.</span> <span class='ocrx_word' id='word_1_117' title='bbox 731 2077 945 2144; x_wconf 61' lang='lat' dir='ltr'>Sebastenam,</span> <span class='ocrx_word' id='word_1_118' title='bbox 967 2095 1015 2148; x_wconf 90' lang='lat' dir='ltr'>cp.</span> <span class='ocrx_word' id='word_1_119' title='bbox 1035 2077 1088 2134; x_wconf 86' lang='lat' dir='ltr'>cit.</span> <span class='ocrx_word' id='word_1_120' title='bbox 1112 2096 1138 2148; x_wconf 88' lang='lat' dir='ltr'>p.</span> <span class='ocrx_word' id='word_1_121' title='bbox 1155 2079 1224 2151; x_wconf 74' lang='grc'>248.</span> 
     </span>
    </p>
   </div>
   <div class='ocr_carea' id='block_1_3' title="bbox 313 2183 1481 2437">
    <p class='ocr_par' dir='ltr' id='par_1_5' title="bbox 313 2183 1481 2437">
     <span class='ocr_line' id='line_1_16' title="bbox 386 2183 1477 2254; baseline -0.003 -14"><span class='ocrx_word' id='word_1_122' title='bbox 386 2187 425 2254; x_wconf 70' lang='lat'>(2)</span> <span class='ocrx_word' id='word_1_123' title='bbox 444 2185 613 2240; x_wconf 88' lang='lat' dir='ltr'>Secundum</span> <span class='ocrx_word' id='word_1_124' title='bbox 636 2193 767 2243; x_wconf 84' lang='lat' dir='ltr'>mentem</span> <span class='ocrx_word' id='word_1_125' title='bbox 787 2186 816 2240; x_wconf 81' lang='lat' dir='ltr'>S.</span> <span class='ocrx_word' id='word_1_126' title='bbox 837 2186 939 2241; x_wconf 81' lang='lat' dir='ltr'>Caroli</span> <span class='ocrx_word' id='word_1_127' title='bbox 958 2189 1137 2253; x_wconf 80' lang='lat' dir='ltr'>Borromaei,</span> <span class='ocrx_word' id='word_1_128' title='bbox 1159 2187 1176 2240; x_wconf 83' lang='grc'>6</span> <span class='ocrx_word' id='word_1_129' title='bbox 1195 2184 1287 2240; x_wconf 84' lang='lat' dir='ltr'>Ocno.</span> <span class='ocrx_word' id='word_1_130' title='bbox 1306 2185 1396 2238; x_wconf 89' lang='lat' dir='ltr'>Prov.</span> <span class='ocrx_word' id='word_1_131' title='bbox 1416 2183 1477 2237; x_wconf 89' lang='lat' dir='ltr'>Me·</span> 
     </span>
     <span class='ocr_line' id='line_1_17' title="bbox 313 2272 1481 2354; baseline -0.005 -24"><span class='ocrx_word' id='word_1_132' title='bbox 313 2275 394 2342; x_wconf 79' lang='lat' dir='ltr'>dior,</span> <span class='ocrx_word' id='word_1_133' title='bbox 417 2282 447 2329; x_wconf 92' lang='lat' dir='ltr'>et</span> <span class='ocrx_word' id='word_1_134' title='bbox 467 2277 633 2344; x_wconf 79' lang='lat' dir='ltr'>Pipnaielli,</span> <span class='ocrx_word' id='word_1_135' title='bbox 653 2274 735 2327; x_wconf 79' lang='lat' dir='ltr'>Tem.</span> <span class='ocrx_word' id='word_1_136' title='bbox 754 2275 778 2340; x_wconf 82' lang='grc'>9,</span> <span class='ocrx_word' id='word_1_137' title='bbox 801 2273 937 2329; x_wconf 77' lang='lat' dir='ltr'>consult.</span> <span class='ocrx_word' id='word_1_138' title='bbox 959 2275 1016 2354; x_wconf 78' lang='grc'>192,</span> <span class='ocrx_word' id='word_1_139' title='bbox 1047 2275 1135 2329; x_wconf 82' lang='lat' dir='ltr'>valde</span> <span class='ocrx_word' id='word_1_140' title='bbox 1155 2276 1276 2328; x_wconf 81' lang='lat' dir='ltr'>deceret</span> <span class='ocrx_word' id='word_1_141' title='bbox 1296 2274 1322 2328; x_wconf 91' lang='lat' dir='ltr'>si</span> <span class='ocrx_word' id='word_1_142' title='bbox 1343 2272 1481 2332; x_wconf 73' lang='lat' dir='ltr'>nocivis</span> 
     </span>
     <span class='ocr_line' id='line_1_18' title="bbox 313 2362 1478 2437; baseline -0.004 -18"><span class='ocrx_word' id='word_1_143' title='bbox 313 2364 433 2437; x_wconf 86' lang='lat' dir='ltr'>quidem</span> <span class='ocrx_word' id='word_1_144' title='bbox 453 2363 627 2418; x_wconf 88' lang='lat' dir='ltr'>dioeceseos</span> <span class='ocrx_word' id='word_1_145' title='bbox 646 2362 699 2416; x_wconf 90' lang='lat' dir='ltr'>ubi</span> <span class='ocrx_word' id='word_1_146' title='bbox 720 2380 804 2416; x_wconf 84' lang='lat' dir='ltr'>suam</span> <span class='ocrx_word' id='word_1_147' title='bbox 826 2363 1068 2417; x_wconf 86' lang='lat' dir='ltr'>iurisdictionem</span> <span class='ocrx_word' id='word_1_148' title='bbox 1089 2381 1229 2419; x_wconf 84' lang='lat' dir='ltr'>exercere</span> <span class='ocrx_word' id='word_1_149' title='bbox 1247 2364 1348 2428; x_wconf 87' lang='lat' dir='ltr'>debet,</span> <span class='ocrx_word' id='word_1_150' title='bbox 1369 2363 1408 2416; x_wconf 86' lang='lat' dir='ltr'>ad</span> <span class='ocrx_word' id='word_1_151' title='bbox 1429 2362 1478 2415; x_wconf 91' lang='lat' dir='ltr'>Vi·</span> 
     </span>
    </p>
   </div>
   <div class='ocr_carea' id='block_1_4' title="bbox 312 2452 1481 2783">
    <p class='ocr_par' dir='ltr' id='par_1_6' title="bbox 313 2452 1359 2530">
     <span class='ocr_line' id='line_1_19' title="bbox 313 2452 1359 2530; baseline -0.005 -21"><span class='ocrx_word' id='word_1_152' title='bbox 313 2453 388 2509; x_wconf 80' lang='lat' dir='ltr'>carii</span> <span class='ocrx_word' id='word_1_153' title='bbox 409 2453 562 2524; x_wconf 84' lang='lat' dir='ltr'>generalis</span> <span class='ocrx_word' id='word_1_154' title='bbox 581 2452 712 2506; x_wconf 90' lang='lat' dir='ltr'>officium</span> <span class='ocrx_word' id='word_1_155' title='bbox 733 2453 914 2508; x_wconf 88' lang='lat' dir='ltr'>nominetur.</span> <span class='ocrx_word' id='word_1_156' title='bbox 1356 2525 1359 2530; x_wconf 24' lang='grc'>1</span> 
     </span>
    </p>

    <p class='ocr_par' dir='ltr' id='par_1_7' title="bbox 312 2539 1481 2783">
     <span class='ocr_line' id='line_1_20' title="bbox 383 2539 1479 2612; baseline -0.005 -15"><span class='ocrx_word' id='word_1_157' title='bbox 383 2542 469 2596; x_wconf 86' lang='lat' dir='ltr'>Haec</span> <span class='ocrx_word' id='word_1_158' title='bbox 496 2549 598 2594; x_wconf 86' lang='lat' dir='ltr'>tamen</span> <span class='ocrx_word' id='word_1_159' title='bbox 627 2541 791 2612; x_wconf 83' lang='lat' dir='ltr'>discipline</span> <span class='ocrx_word' id='word_1_160' title='bbox 823 2559 881 2594; x_wconf 88' lang='lat' dir='ltr'>non</span> <span class='ocrx_word' id='word_1_161' title='bbox 911 2550 1049 2594; x_wconf 82' lang='lat' dir='ltr'>servatur</span> <span class='ocrx_word' id='word_1_162' title='bbox 1068 2540 1098 2594; x_wconf 92' lang='lat' dir='ltr'>in</span> <span class='ocrx_word' id='word_1_163' title='bbox 1119 2541 1256 2612; x_wconf 84' lang='lat' dir='ltr'>pluribus</span> <span class='ocrx_word' id='word_1_164' title='bbox 1276 2539 1388 2594; x_wconf 84' lang='lat' dir='ltr'>Italiae</span> <span class='ocrx_word' id='word_1_165' title='bbox 1410 2556 1479 2610; x_wconf 82' lang='lat' dir='ltr'>par·</span> 
     </span>
     <span class='ocr_line' id='line_1_21' title="bbox 312 2624 1481 2697; baseline -0.007 -14"><span class='ocrx_word' id='word_1_166' title='bbox 312 2628 402 2683; x_wconf 88' lang='lat' dir='ltr'>tibus.</span> <span class='ocrx_word' id='word_1_167' title='bbox 424 2626 486 2681; x_wconf 83' lang='lat' dir='ltr'>Ofr.</span> <span class='ocrx_word' id='word_1_168' title='bbox 508 2629 641 2692; x_wconf 66' lang='lat' dir='ltr'>Berardr,</span> <span class='ocrx_word' id='word_1_169' title='bbox 671 2624 783 2680; x_wconf 80' lang='lat' dir='ltr'>Comm.</span> <span class='ocrx_word' id='word_1_170' title='bbox 809 2625 882 2678; x_wconf 89' lang='lat' dir='ltr'>diss.</span> <span class='ocrx_word' id='word_1_171' title='bbox 901 2624 936 2692; x_wconf 90' lang='lat' dir='ltr'>V,</span> <span class='ocrx_word' id='word_1_172' title='bbox 957 2644 981 2680; x_wconf 88' lang='lat' dir='ltr'>c.</span> <span class='ocrx_word' id='word_1_173' title='bbox 999 2626 1024 2694; x_wconf 93' lang='lat' dir='ltr'>I;</span> <span class='ocrx_word' id='word_1_174' title='bbox 1045 2625 1327 2697; x_wconf 82' lang='lat' dir='ltr'>Icard,op.cit.1,</span> <span class='ocrx_word' id='word_1_175' title='bbox 1350 2625 1383 2678; x_wconf 91' lang='lat' dir='ltr'>P.</span> <span class='ocrx_word' id='word_1_176' title='bbox 1405 2626 1429 2690; x_wconf 88' lang='lat' dir='ltr'>l,</span> <span class='ocrx_word' id='word_1_177' title='bbox 1450 2641 1481 2675; x_wconf 87' lang='lat' dir='ltr'>a.</span> 
     </span>
     <span class='ocr_line' id='line_1_22' title="bbox 314 2716 529 2783; baseline -0.014 -11"><span class='ocrx_word' id='word_1_178' title='bbox 314 2716 529 2783; x_wconf 82' lang='lat' dir='ltr'>V111‚n.189.</span> 
     </span>
    </p>
   </div>
   <div class='ocr_carea' id='block_1_5' title="bbox 313 2821 1484 3160">
    <p class='ocr_par' dir='ltr' id='par_1_8' title="bbox 313 2821 1484 3160">
     <span class='ocr_line' id='line_1_23' title="bbox 383 2821 1484 2895; baseline -0.004 -17"><span class='ocrx_word' id='word_1_179' title='bbox 383 2826 422 2895; x_wconf 83' lang='lat'>(3)</span> <span class='ocrx_word' id='word_1_180' title='bbox 454 2822 515 2877; x_wconf 85' lang='lat' dir='ltr'>Ofr.</span> <span class='ocrx_word' id='word_1_181' title='bbox 535 2825 665 2892; x_wconf 56' lang='lat' dir='ltr'>Pirama</span> <span class='ocrx_word' id='word_1_182' title='bbox 691 2821 719 2874; x_wconf 90' lang='lat' dir='ltr'>in</span> <span class='ocrx_word' id='word_1_183' title='bbox 739 2821 786 2875; x_wconf 91' lang='lat' dir='ltr'>tit.</span> <span class='ocrx_word' id='word_1_184' title='bbox 806 2823 842 2875; x_wconf 88' lang='lat' dir='ltr'>de</span> <span class='ocrx_word' id='word_1_185' title='bbox 862 2821 937 2877; x_wconf 84' lang='lat' dir='ltr'>offic.</span> <span class='ocrx_word' id='word_1_186' title='bbox 957 2821 1022 2877; x_wconf 82' lang='lat' dir='ltr'>Vic.</span> <span class='ocrx_word' id='word_1_187' title='bbox 1042 2839 1070 2876; x_wconf 89' lang='lat' dir='ltr'>n.</span> <span class='ocrx_word' id='word_1_188' title='bbox 1089 2821 1218 2887; x_wconf 85' lang='lat' dir='ltr'>XXXV;</span> <span class='ocrx_word' id='word_1_189' title='bbox 1252 2825 1388 2886; x_wconf 70' lang='lat' dir='ltr'>Lauren..</span> <span class='ocrx_word' id='word_1_190' title='bbox 1414 2821 1435 2876; x_wconf 91' lang='lat' dir='ltr'>I.</span> <span class='ocrx_word' id='word_1_191' title='bbox 1457 2837 1484 2874; x_wconf 89' lang='lat' dir='ltr'>c.</span> 
     </span>
     <span class='ocr_line' id='line_1_24' title="bbox 313 2908 1480 2982; baseline -0.002 -12"><span class='ocrx_word' id='word_1_192' title='bbox 313 2933 342 2970; x_wconf 88' lang='lat' dir='ltr'>n.</span> <span class='ocrx_word' id='word_1_193' title='bbox 359 2916 403 2982; x_wconf 85' lang='lat'>69;</span> <span class='ocrx_word' id='word_1_194' title='bbox 424 2916 527 2977; x_wconf 69' lang='lat' dir='ltr'>souis,</span> <span class='ocrx_word' id='word_1_195' title='bbox 549 2912 567 2966; x_wconf 93' lang='lat' dir='ltr'>l.</span> <span class='ocrx_word' id='word_1_196' title='bbox 587 2929 611 2966; x_wconf 87' lang='lat' dir='ltr'>c.</span> <span class='ocrx_word' id='word_1_197' title='bbox 630 2929 658 2980; x_wconf 90' lang='lat' dir='ltr'>p.</span> <span class='ocrx_word' id='word_1_198' title='bbox 676 2911 738 2977; x_wconf 82' lang='lat'><strong>361;</strong></span> <span class='ocrx_word' id='word_1_199' title='bbox 762 2913 872 2979; x_wconf 78' lang='lat' dir='ltr'>Wernz,</span> <span class='ocrx_word' id='word_1_200' title='bbox 892 2928 938 2978; x_wconf 86' lang='lat' dir='ltr'>op.</span> <span class='ocrx_word' id='word_1_201' title='bbox 958 2928 982 2965; x_wconf 91' lang='lat' dir='ltr'>c.</span> <span class='ocrx_word' id='word_1_202' title='bbox 1003 2929 1030 2966; x_wconf 91' lang='lat' dir='ltr'>n.</span> <span class='ocrx_word' id='word_1_203' title='bbox 1048 2912 1111 2978; x_wconf 83' lang='lat'>805;</span> <span class='ocrx_word' id='word_1_204' title='bbox 1133 2913 1175 2966; x_wconf 89' lang='lat' dir='ltr'>M.</span> <span class='ocrx_word' id='word_1_205' title='bbox 1194 2912 1343 2974; x_wconf 67' lang='lat' dir='ltr'>[Ji-Luca,</span> <span class='ocrx_word' id='word_1_206' title='bbox 1357 2928 1406 2980; x_wconf 87' lang='lat' dir='ltr'>op.</span> <span class='ocrx_word' id='word_1_207' title='bbox 1427 2908 1480 2968; x_wconf 90' lang='lat' dir='ltr'>cit.</span> 
     </span>
     <span class='ocr_line' id='line_1_25' title="bbox 313 2999 1478 3074; baseline -0.005 -14"><span class='ocrx_word' id='word_1_208' title='bbox 313 3007 336 3061; x_wconf 94' lang='lat'>1.</span> <span class='ocrx_word' id='word_1_209' title='bbox 358 3024 386 3060; x_wconf 91' lang='lat' dir='ltr'>n.</span> <span class='ocrx_word' id='word_1_210' title='bbox 403 3005 456 3058; x_wconf 79' lang='lat'>289</span> <span class='ocrx_word' id='word_1_211' title='bbox 476 3010 581 3056; x_wconf 81' lang='lat' dir='ltr'>contre</span> <span class='ocrx_word' id='word_1_212' title='bbox 600 3003 709 3066; x_wconf 77' lang='lat' dir='ltr'>Devoti,</span> <span class='ocrx_word' id='word_1_213' title='bbox 731 3001 783 3055; x_wconf 91' lang='lat' dir='ltr'>Ius</span> <span class='ocrx_word' id='word_1_214' title='bbox 803 3019 868 3055; x_wconf 83' lang='lat' dir='ltr'>can.</span> <span class='ocrx_word' id='word_1_215' title='bbox 895 3004 1012 3056; x_wconf 89' lang='lat' dir='ltr'>univer.</span> <span class='ocrx_word' id='word_1_216' title='bbox 1032 3001 1051 3058; x_wconf 92' lang='lat' dir='ltr'>l.</span> <span class='ocrx_word' id='word_1_217' title='bbox 1071 3002 1095 3068; x_wconf 96' lang='lat' dir='ltr'>I,</span> <span class='ocrx_word' id='word_1_218' title='bbox 1115 3001 1163 3057; x_wconf 86' lang='lat' dir='ltr'>tit.</span> <span class='ocrx_word' id='word_1_219' title='bbox 1182 2999 1265 3074; x_wconf 56' lang='lat' dir='ltr'>m</span> <span class='ocrx_word' id='word_1_220' title='bbox 1294 3001 1311 3055; x_wconf 84' lang='lat'><strong>3</strong></span> <span class='ocrx_word' id='word_1_221' title='bbox 1340 3007 1371 3054; x_wconf 90' lang='lat' dir='ltr'>et</span> <span class='ocrx_word' id='word_1_222' title='bbox 1391 3000 1478 3054; x_wconf 81' lang='lat' dir='ltr'>alios.</span> 
     </span>
     <span class='ocr_line' id='line_1_26' title="bbox 313 3089 1474 3160; baseline -0.006 -11"><span class='ocrx_word' id='word_1_223' title='bbox 313 3093 377 3150; x_wconf 81' lang='lat' dir='ltr'>Alii</span> <span class='ocrx_word' id='word_1_224' title='bbox 398 3110 468 3148; x_wconf 89' lang='lat' dir='ltr'>vero</span> <span class='ocrx_word' id='word_1_225' title='bbox 488 3108 554 3144; x_wconf 89' lang='lat' dir='ltr'>cum</span> <span class='ocrx_word' id='word_1_226' title='bbox 575 3091 669 3155; x_wconf 80' lang='lat' dir='ltr'>Santi,</span> <span class='ocrx_word' id='word_1_227' title='bbox 690 3090 709 3144; x_wconf 93' lang='lat' dir='ltr'>l.</span> <span class='ocrx_word' id='word_1_228' title='bbox 732 3091 752 3156; x_wconf 90' lang='lat' dir='ltr'>I,</span> <span class='ocrx_word' id='word_1_229' title='bbox 773 3089 819 3142; x_wconf 90' lang='lat' dir='ltr'>tit.</span> <span class='ocrx_word' id='word_1_230' title='bbox 841 3091 991 3160; x_wconf 86' lang='lat' dir='ltr'>XXVIII,</span> <span class='ocrx_word' id='word_1_231' title='bbox 1013 3109 1039 3146; x_wconf 90' lang='lat' dir='ltr'>n.</span> <span class='ocrx_word' id='word_1_232' title='bbox 1057 3093 1211 3146; x_wconf 76' lang='lat' dir='ltr'>sirenem</span> <span class='ocrx_word' id='word_1_233' title='bbox 1231 3090 1474 3146; x_wconf 86' lang='lat' dir='ltr'>iurisdictionem</span> 
     </span>
    </p>
   </div>
   <div class='ocr_carea' id='block_1_6' title="bbox 314 3177 1574 3252">
    <p class='ocr_par' dir='ltr' id='par_1_9' title="bbox 314 3177 1574 3252">
     <span class='ocr_line' id='line_1_27' title="bbox 314 3177 1574 3252; baseline -0.006 -13"><span class='ocrx_word' id='word_1_234' title='bbox 314 3183 428 3240; x_wconf 83' lang='lat' dir='ltr'>Vicerii</span> <span class='ocrx_word' id='word_1_235' title='bbox 443 3200 510 3252; x_wconf 87' lang='lat' dir='ltr'>gen.</span> <span class='ocrx_word' id='word_1_236' title='bbox 525 3198 592 3234; x_wconf 89' lang='lat' dir='ltr'>esse</span> <span class='ocrx_word' id='word_1_237' title='bbox 612 3179 659 3233; x_wconf 92' lang='lat' dir='ltr'>sui</span> <span class='ocrx_word' id='word_1_238' title='bbox 679 3179 811 3250; x_wconf 85' lang='lat' dir='ltr'>generis.</span> <span class='ocrx_word' id='word_1_239' title='bbox 824 3180 864 3233; x_wconf 86' lang='lat' dir='ltr'>At</span> <span class='ocrx_word' id='word_1_240' title='bbox 885 3183 1021 3246; x_wconf 81' lang='lat' dir='ltr'>Berardi,</span> <span class='ocrx_word' id='word_1_241' title='bbox 1034 3179 1091 3234; x_wconf 80' lang='lat' dir='ltr'>hac</span> <span class='ocrx_word' id='word_1_242' title='bbox 1110 3180 1142 3234; x_wconf 93' lang='lat' dir='ltr'>in</span> <span class='ocrx_word' id='word_1_243' title='bbox 1155 3180 1321 3234; x_wconf 87' lang='lat' dir='ltr'>rescribit:</span> <span class='ocrx_word' id='word_1_244' title='bbox 1336 3200 1352 3231; x_wconf 83' lang='lat'>‹</span> <span class='ocrx_word' id='word_1_245' title='bbox 1364 3179 1423 3246; x_wconf 85' lang='lat' dir='ltr'>Qui</span> <span class='ocrx_word' id='word_1_246' title='bbox 1440 3177 1481 3232; x_wconf 91' lang='lat' dir='ltr'>di·</span> <span class='ocrx_word' id='word_1_247' title='bbox 1573 3181 1574 3192; x_wconf 62' lang='lat'>¹</span> 
     </span>
    </p>
   </div>
   <div class='ocr_carea' id='block_1_7' title="bbox 312 3265 1477 3522">
    <p class='ocr_par' dir='ltr' id='par_1_10' title="bbox 312 3265 1477 3522">
     <span class='ocr_line' id='line_1_28' title="bbox 312 3265 1477 3345; baseline -0.009 -16"><span class='ocrx_word' id='word_1_248' title='bbox 312 3277 437 3345; x_wconf 83' lang='lat' dir='ltr'>sputsnt</span> <span class='ocrx_word' id='word_1_249' title='bbox 460 3288 498 3324; x_wconf 88' lang='lat' dir='ltr'>an</span> <span class='ocrx_word' id='word_1_250' title='bbox 518 3269 583 3324; x_wconf 90' lang='lat' dir='ltr'>Vic.</span> <span class='ocrx_word' id='word_1_251' title='bbox 605 3268 776 3323; x_wconf 87' lang='lat' dir='ltr'>iurisdictio</span> <span class='ocrx_word' id='word_1_252' title='bbox 795 3269 950 3322; x_wconf 79' lang='lat' dir='ltr'>ordinarie</span> <span class='ocrx_word' id='word_1_253' title='bbox 970 3270 1098 3323; x_wconf 82' lang='lat' dir='ltr'>dicende</span> <span class='ocrx_word' id='word_1_254' title='bbox 1119 3269 1159 3322; x_wconf 89' lang='lat' dir='ltr'>sit</span> <span class='ocrx_word' id='word_1_255' title='bbox 1174 3287 1211 3323; x_wconf 84' lang='lat' dir='ltr'>sn</span> <span class='ocrx_word' id='word_1_256' title='bbox 1232 3269 1384 3338; x_wconf 80' lang='lat' dir='ltr'>delegata.</span> <span class='ocrx_word' id='word_1_257' title='bbox 1405 3265 1477 3320; x_wconf 89' lang='lat' dir='ltr'>mihi</span> 
     </span>
     <span class='ocr_line' id='line_1_29' title="bbox 314 3358 1471 3430; baseline -0.008 -13"><span class='ocrx_word' id='word_1_258' title='bbox 314 3363 455 3417; x_wconf 88' lang='lat' dir='ltr'>videntur</span> <span class='ocrx_word' id='word_1_259' title='bbox 466 3361 502 3412; x_wconf 92' lang='lat' dir='ltr'>de</span> <span class='ocrx_word' id='word_1_260' title='bbox 514 3358 671 3413; x_wconf 82' lang='lat' dir='ltr'>vocabulis</span> <span class='ocrx_word' id='word_1_261' title='bbox 690 3358 775 3411; x_wconf 87' lang='lat' dir='ltr'>litem</span> <span class='ocrx_word' id='word_1_262' title='bbox 790 3358 910 3425; x_wconf 84' lang='lat' dir='ltr'>inferre,</span> <span class='ocrx_word' id='word_1_263' title='bbox 931 3359 1050 3430; x_wconf 84' lang='lat' dir='ltr'>quando</span> <span class='ocrx_word' id='word_1_264' title='bbox 1070 3359 1148 3412; x_wconf 82' lang='lat' dir='ltr'>elias</span> <span class='ocrx_word' id='word_1_265' title='bbox 1169 3359 1199 3412; x_wconf 92' lang='lat' dir='ltr'>in</span> <span class='ocrx_word' id='word_1_266' title='bbox 1219 3376 1291 3423; x_wconf 89' lang='lat' dir='ltr'>rem,</span> <span class='ocrx_word' id='word_1_267' title='bbox 1307 3359 1471 3412; x_wconf 79' lang='lat' dir='ltr'>incensam</span> 
     </span>
     <span class='ocr_line' id='line_1_30' title="bbox 313 3446 1400 3522; baseline -0.003 -17"><span class='ocrx_word' id='word_1_268' title='bbox 313 3450 404 3522; x_wconf 88' lang='lat' dir='ltr'>inque</span> <span class='ocrx_word' id='word_1_269' title='bbox 425 3446 552 3502; x_wconf 84' lang='lat' dir='ltr'>effectus</span> <span class='ocrx_word' id='word_1_270' title='bbox 571 3463 674 3501; x_wconf 81' lang='lat' dir='ltr'>omnes</span> <span class='ocrx_word' id='word_1_271' title='bbox 694 3446 889 3500; x_wconf 88' lang='lat' dir='ltr'>consentiunt</span> <span class='ocrx_word' id='word_1_272' title='bbox 909 3465 935 3502; x_wconf 82' lang='lat'>».</span> <span class='ocrx_word' id='word_1_273' title='bbox 954 3446 1065 3502; x_wconf 86' lang='lat' dir='ltr'>Oomm.</span> <span class='ocrx_word' id='word_1_274' title='bbox 1086 3447 1116 3500; x_wconf 89' lang='lat' dir='ltr'>in</span> <span class='ocrx_word' id='word_1_275' title='bbox 1139 3447 1186 3500; x_wconf 91' lang='lat' dir='ltr'>ius</span> <span class='ocrx_word' id='word_1_276' title='bbox 1207 3447 1280 3502; x_wconf 89' lang='lat' dir='ltr'>eccl.</span> <span class='ocrx_word' id='word_1_277' title='bbox 1299 3446 1319 3500; x_wconf 90' lang='lat'>1.</span> <span class='ocrx_word' id='word_1_278' title='bbox 1337 3447 1400 3502; x_wconf 78' lang='lat'>211.</span> 
     </span>
    </p>
   </div>
   <div class='ocr_carea' id='block_1_8' title="bbox 385 3553 1573 3628">
    <p class='ocr_par' dir='ltr' id='par_1_11' title="bbox 385 3553 1573 3628">
     <span class='ocr_line' id='line_1_31' title="bbox 385 3553 1573 3628; baseline -0.005 -16"><span class='ocrx_word' id='word_1_279' title='bbox 385 3559 424 3628; x_wconf 75' lang='lat'>(4)</span> <span class='ocrx_word' id='word_1_280' title='bbox 442 3556 531 3612; x_wconf 87' lang='lat' dir='ltr'>Unde</span> <span class='ocrx_word' id='word_1_281' title='bbox 551 3555 658 3624; x_wconf 82' lang='lat' dir='ltr'>regule</span> <span class='ocrx_word' id='word_1_282' title='bbox 677 3553 709 3610; x_wconf 84' lang='lat' dir='ltr'>C.</span> <span class='ocrx_word' id='word_1_283' title='bbox 727 3555 771 3619; x_wconf 85' lang='lat'>81,</span> <span class='ocrx_word' id='word_1_284' title='bbox 791 3553 826 3607; x_wconf 87' lang='lat' dir='ltr'>R.</span> <span class='ocrx_word' id='word_1_285' title='bbox 848 3555 945 3608; x_wconf 83' lang='lat' dir='ltr'>lin6⁰</span> <span class='ocrx_word' id='word_1_286' title='bbox 964 3575 978 3606; x_wconf 75' lang='lat' dir='ltr'>e</span> <span class='ocrx_word' id='word_1_287' title='bbox 994 3556 1029 3608; x_wconf 92' lang='lat' dir='ltr'>ln</span> <span class='ocrx_word' id='word_1_288' title='bbox 1043 3555 1181 3626; x_wconf 79' lang='lat' dir='ltr'>generali</span> <span class='ocrx_word' id='word_1_289' title='bbox 1204 3554 1401 3609; x_wconf 74' lang='lat' dir='ltr'>concessione</span> <span class='ocrx_word' id='word_1_290' title='bbox 1425 3570 1480 3608; x_wconf 92' lang='lat' dir='ltr'>non</span> <span class='ocrx_word' id='word_1_291' title='bbox 1572 3621 1573 3626; x_wconf 9' lang='grc' dir='ltr'><strong>Ἰ</strong></span> 
     </span>
    </p>
   </div>
   <div class='ocr_carea' id='block_1_9' title="bbox 313 3643 1479 3887">
    <p class='ocr_par' dir='ltr' id='par_1_12' title="bbox 313 3643 1479 3887">
     <span class='ocr_line' id='line_1_32' title="bbox 314 3643 1477 3715; baseline -0.006 -12"><span class='ocrx_word' id='word_1_292' title='bbox 314 3647 439 3704; x_wconf 89' lang='lat' dir='ltr'>veniunt</span> <span class='ocrx_word' id='word_1_293' title='bbox 460 3663 503 3711; x_wconf 87' lang='lat' dir='ltr'>aa,</span> <span class='ocrx_word' id='word_1_294' title='bbox 523 3661 600 3715; x_wconf 88' lang='lat' dir='ltr'>quae</span> <span class='ocrx_word' id='word_1_295' title='bbox 620 3643 688 3714; x_wconf 92' lang='lat' dir='ltr'>quis</span> <span class='ocrx_word' id='word_1_296' title='bbox 708 3661 768 3696; x_wconf 86' lang='lat' dir='ltr'>non</span> <span class='ocrx_word' id='word_1_297' title='bbox 789 3651 871 3698; x_wconf 88' lang='lat' dir='ltr'>esset</span> <span class='ocrx_word' id='word_1_298' title='bbox 890 3643 1106 3698; x_wconf 84' lang='lat' dir='ltr'>verosimiliter</span> <span class='ocrx_word' id='word_1_299' title='bbox 1135 3645 1165 3698; x_wconf 91' lang='lat' dir='ltr'>in</span> <span class='ocrx_word' id='word_1_300' title='bbox 1196 3643 1297 3714; x_wconf 89' lang='lat' dir='ltr'>specie</span> <span class='ocrx_word' id='word_1_301' title='bbox 1318 3658 1477 3698; x_wconf 86' lang='lat' dir='ltr'>concessu-</span> 
     </span>
     <span class='ocr_line' id='line_1_33' title="bbox 313 3731 1479 3804; baseline -0.006 -14"><span class='ocrx_word' id='word_1_302' title='bbox 313 3753 409 3790; x_wconf 81' lang='lat' dir='ltr'>rus».</span> <span class='ocrx_word' id='word_1_303' title='bbox 429 3735 477 3788; x_wconf 86' lang='lat' dir='ltr'>Ite</span> <span class='ocrx_word' id='word_1_304' title='bbox 496 3751 523 3788; x_wconf 89' lang='lat' dir='ltr'>v.</span> <span class='ocrx_word' id='word_1_305' title='bbox 542 3749 586 3801; x_wconf 81' lang='lat' dir='ltr'>gr.</span> <span class='ocrx_word' id='word_1_306' title='bbox 607 3731 712 3802; x_wconf 90' lang='lat' dir='ltr'>nequit</span> <span class='ocrx_word' id='word_1_307' title='bbox 732 3731 873 3786; x_wconf 82' lang='lat' dir='ltr'>Vicerius</span> <span class='ocrx_word' id='word_1_308' title='bbox 893 3749 962 3802; x_wconf 87' lang='lat' dir='ltr'>gen.</span> <span class='ocrx_word' id='word_1_309' title='bbox 988 3731 1019 3786; x_wconf 90' lang='lat' dir='ltr'>in</span> <span class='ocrx_word' id='word_1_310' title='bbox 1039 3733 1176 3802; x_wconf 83' lang='lat' dir='ltr'>generali</span> <span class='ocrx_word' id='word_1_311' title='bbox 1209 3731 1362 3800; x_wconf 81' lang='lat' dir='ltr'>mandato,</span> <span class='ocrx_word' id='word_1_312' title='bbox 1395 3748 1479 3804; x_wconf 85' lang='lat' dir='ltr'>syno-</span> 
     </span>
     <span class='ocr_line' id='line_1_34' title="bbox 314 3819 1477 3887; baseline -0.005 -9"><span class='ocrx_word' id='word_1_313' title='bbox 314 3824 384 3878; x_wconf 90' lang='lat' dir='ltr'>dum</span> <span class='ocrx_word' id='word_1_314' title='bbox 403 3838 579 3886; x_wconf 82' lang='lat' dir='ltr'>convocare,</span> <span class='ocrx_word' id='word_1_315' title='bbox 598 3820 762 3875; x_wconf 88' lang='lat' dir='ltr'>dioecesim</span> <span class='ocrx_word' id='word_1_316' title='bbox 790 3819 926 3886; x_wconf 82' lang='lat' dir='ltr'>visitare,</span> <span class='ocrx_word' id='word_1_317' title='bbox 947 3819 1096 3874; x_wconf 83' lang='lat' dir='ltr'>beneficis</span> <span class='ocrx_word' id='word_1_318' title='bbox 1114 3820 1261 3887; x_wconf 80' lang='lat' dir='ltr'>conferre,</span> <span class='ocrx_word' id='word_1_319' title='bbox 1281 3821 1477 3874; x_wconf 86' lang='lat' dir='ltr'>dimissiones</span> 
     </span>
    </p>
   </div>
   <div class='ocr_carea' id='block_1_10' title="bbox 312 3906 1572 4067">
    <p class='ocr_par' dir='ltr' id='par_1_13' title="bbox 312 3906 1572 4067">
     <span class='ocr_line' id='line_1_35' title="bbox 312 3906 1572 3978; baseline -0.003 -13"><span class='ocrx_word' id='word_1_320' title='bbox 312 3909 485 3976; x_wconf 88' lang='lat' dir='ltr'>concedere,</span> <span class='ocrx_word' id='word_1_321' title='bbox 503 3907 680 3978; x_wconf 82' lang='lat' dir='ltr'>dispensare</span> <span class='ocrx_word' id='word_1_322' title='bbox 709 3907 746 3961; x_wconf 84' lang='lat' dir='ltr'>ab</span> <span class='ocrx_word' id='word_1_323' title='bbox 776 3906 1004 3976; x_wconf 78' lang='lat' dir='ltr'>irregularitate</span> <span class='ocrx_word' id='word_1_324' title='bbox 1018 3913 1074 3963; x_wconf 90' lang='lat' dir='ltr'>etc.</span> <span class='ocrx_word' id='word_1_325' title='bbox 1094 3906 1157 3962; x_wconf 78' lang='lat' dir='ltr'>err.</span> <span class='ocrx_word' id='word_1_326' title='bbox 1176 3909 1326 3974; x_wconf 67' lang='lat' dir='ltr'>Ferraria</span> <span class='ocrx_word' id='word_1_327' title='bbox 1348 3927 1375 3963; x_wconf 92' lang='lat' dir='ltr'>v.</span> <span class='ocrx_word' id='word_1_328' title='bbox 1399 3911 1479 3966; x_wconf 81' lang='lat' dir='ltr'>Vica·</span> <span class='ocrx_word' id='word_1_329' title='bbox 1571 3961 1572 3970; x_wconf 63' lang='grc'>,</span> 
     </span>
     <span class='ocr_line' id='line_1_36' title="bbox 312 3981 1572 4067; baseline -0.003 -13"><span class='ocrx_word' id='word_1_330' title='bbox 312 4003 386 4066; x_wconf 57' lang='lat' dir='ltr'>rium</span> <span class='ocrx_word' id='word_1_331' title='bbox 405 3999 516 4064; x_wconf 82' lang='lat' dir='ltr'>Devoti,</span> <span class='ocrx_word' id='word_1_332' title='bbox 536 3997 554 4050; x_wconf 93' lang='lat' dir='ltr'>l.</span> <span class='ocrx_word' id='word_1_333' title='bbox 574 4013 608 4064; x_wconf 86' lang='lat' dir='ltr'>c.;</span> <span class='ocrx_word' id='word_1_334' title='bbox 626 3997 723 4060; x_wconf 79' lang='lat' dir='ltr'>Santi,</span> <span class='ocrx_word' id='word_1_335' title='bbox 742 3995 789 4050; x_wconf 90' lang='lat' dir='ltr'>tit.</span> <span class='ocrx_word' id='word_1_336' title='bbox 808 3994 959 4063; x_wconf 88' lang='lat' dir='ltr'>XXVIII,</span> <span class='ocrx_word' id='word_1_337' title='bbox 980 4013 1008 4050; x_wconf 91' lang='lat' dir='ltr'>n.</span> <span class='ocrx_word' id='word_1_338' title='bbox 1029 3996 1061 4048; x_wconf 86' lang='grc'>17</span> <span class='ocrx_word' id='word_1_339' title='bbox 1082 4003 1112 4049; x_wconf 85' lang='lat' dir='ltr'>et</span> <span class='ocrx_word' id='word_1_340' title='bbox 1130 4012 1222 4067; x_wconf 87' lang='lat' dir='ltr'>seqq.;</span> <span class='ocrx_word' id='word_1_341' title='bbox 1243 3984 1416 4064; x_wconf 66' lang='lat' dir='ltr'>Lombcidi,</span> <span class='ocrx_word' id='word_1_342' title='bbox 1429 4011 1475 4066; x_wconf 88' lang='lat' dir='ltr'>cp.</span> <span class='ocrx_word' id='word_1_343' title='bbox 1571 3981 1572 4002; x_wconf 55' lang='lat'>¹</span> 
     </span>
    </p>
   </div>
   <div class='ocr_carea' id='block_1_11' title="bbox 313 4083 1477 4334">
    <p class='ocr_par' dir='ltr' id='par_1_14' title="bbox 313 4083 1477 4334">
     <span class='ocr_line' id='line_1_37' title="bbox 314 4083 1477 4156; baseline -0.004 -15"><span class='ocrx_word' id='word_1_344' title='bbox 314 4087 365 4142; x_wconf 89' lang='lat' dir='ltr'>cit.</span> <span class='ocrx_word' id='word_1_345' title='bbox 384 4103 431 4156; x_wconf 89' lang='lat' dir='ltr'>op.</span> <span class='ocrx_word' id='word_1_346' title='bbox 450 4083 500 4138; x_wconf 90' lang='lat' dir='ltr'>cit.</span> <span class='ocrx_word' id='word_1_347' title='bbox 518 4084 542 4150; x_wconf 87' lang='lat'>1,</span> <span class='ocrx_word' id='word_1_348' title='bbox 563 4101 590 4154; x_wconf 86' lang='lat' dir='ltr'>p.</span> <span class='ocrx_word' id='word_1_349' title='bbox 607 4083 670 4152; x_wconf 75' lang='lat'><strong>250;</strong></span> <span class='ocrx_word' id='word_1_350' title='bbox 689 4085 747 4139; x_wconf 85' lang='lat' dir='ltr'>Ios.</span> <span class='ocrx_word' id='word_1_351' title='bbox 766 4085 902 4148; x_wconf 71' lang='lat' dir='ltr'>Fer-rari,</span> <span class='ocrx_word' id='word_1_352' title='bbox 920 4101 966 4153; x_wconf 89' lang='lat' dir='ltr'>op.</span> <span class='ocrx_word' id='word_1_353' title='bbox 985 4083 1036 4138; x_wconf 88' lang='lat' dir='ltr'>cit.</span> <span class='ocrx_word' id='word_1_354' title='bbox 1055 4084 1114 4148; x_wconf 89' lang='grc'>169,</span> <span class='ocrx_word' id='word_1_355' title='bbox 1137 4085 1197 4138; x_wconf 79' lang='grc'>170.</span> <span class='ocrx_word' id='word_1_356' title='bbox 1219 4085 1266 4138; x_wconf 78' lang='lat' dir='ltr'>An</span> <span class='ocrx_word' id='word_1_357' title='bbox 1281 4093 1385 4138; x_wconf 82' lang='lat' dir='ltr'>autem</span> <span class='ocrx_word' id='word_1_358' title='bbox 1402 4084 1477 4139; x_wconf 87' lang='lat' dir='ltr'>ferre</span> 
     </span>
     <span class='ocr_line' id='line_1_38' title="bbox 313 4173 1474 4248; baseline -0.003 -19"><span class='ocrx_word' id='word_1_359' title='bbox 313 4175 411 4248; x_wconf 86' lang='lat' dir='ltr'>possit</span> <span class='ocrx_word' id='word_1_360' title='bbox 429 4174 645 4246; x_wconf 84' lang='lat' dir='ltr'>suspensiones</span> <span class='ocrx_word' id='word_1_361' title='bbox 665 4190 701 4229; x_wconf 79' lang='lat' dir='ltr'>ex</span> <span class='ocrx_word' id='word_1_362' title='bbox 719 4173 885 4242; x_wconf 78' lang='lat' dir='ltr'>informata</span> <span class='ocrx_word' id='word_1_363' title='bbox 904 4175 1087 4240; x_wconf 80' lang='lat' dir='ltr'>conscientia,</span> <span class='ocrx_word' id='word_1_364' title='bbox 1117 4175 1243 4230; x_wconf 87' lang='lat' dir='ltr'>dubium</span> <span class='ocrx_word' id='word_1_365' title='bbox 1267 4183 1322 4230; x_wconf 85' lang='lat' dir='ltr'>est.</span> <span class='ocrx_word' id='word_1_366' title='bbox 1343 4175 1407 4230; x_wconf 83' lang='lat' dir='ltr'>Gfr.</span> <span class='ocrx_word' id='word_1_367' title='bbox 1430 4173 1474 4230; x_wconf 77' lang='grc' dir='ltr'>(ι’ἰ·</span> 
     </span>
     <span class='ocr_line' id='line_1_39' title="bbox 313 4262 902 4334; baseline -0.01 -13"><span class='ocrx_word' id='word_1_368' title='bbox 313 4268 404 4331; x_wconf 84' lang='lat' dir='ltr'>raldi,</span> <span class='ocrx_word' id='word_1_369' title='bbox 423 4265 442 4318; x_wconf 91' lang='lat' dir='ltr'>l.</span> <span class='ocrx_word' id='word_1_370' title='bbox 462 4282 485 4318; x_wconf 88' lang='lat' dir='ltr'>c.</span> <span class='ocrx_word' id='word_1_371' title='bbox 507 4269 568 4318; x_wconf 88' lang='lat' dir='ltr'>not.</span> <span class='ocrx_word' id='word_1_372' title='bbox 585 4265 611 4329; x_wconf 73' lang='lat'>23</span> <span class='ocrx_word' id='word_1_373' title='bbox 632 4265 814 4334; x_wconf 65' lang='lat' dir='ltr'>Deriapelie,</span> <span class='ocrx_word' id='word_1_374' title='bbox 837 4262 857 4316; x_wconf 89' lang='lat'>1.</span> <span class='ocrx_word' id='word_1_375' title='bbox 877 4279 902 4316; x_wconf 85' lang='lat' dir='ltr'>e.</span> 
     </span>
    </p>
   </div>
   <div class='ocr_carea' id='block_1_12' title="bbox 0 0 1614 4898">
    <p class='ocr_par' dir='ltr' id='par_1_15' title="bbox 0 0 1614 4898">
     <span class='ocr_line' id='line_1_40' title="bbox 0 0 1614 4898; baseline 0 0"><span class='ocrx_word' id='word_1_376' title='bbox 0 0 1614 4898; x_wconf 95' lang='lat' dir='ltr'> </span> 
     </span>
    </p>
   </div>
  </div>
 </body>
</html>
