<?xml version="1.0" encoding="UTF-8"?>
<!DOCTYPE html PUBLIC "-//W3C//DTD XHTML 1.0 Transitional//EN"
    "http://www.w3.org/TR/xhtml1/DTD/xhtml1-transitional.dtd">
<html xmlns="http://www.w3.org/1999/xhtml" xml:lang="en" lang="en">
 <head>
  <title>
</title>
<meta http-equiv="Content-Type" content="text/html;charset=utf-8" />
  <meta name='ocr-system' content='tesseract 3.04.00' />
  <meta name='ocr-capabilities' content='ocr_page ocr_carea ocr_par ocr_line ocrx_word'/>
</head>
<body>
  <div class='ocr_page' id='page_1' title='image "./elementaiurisec00munegoog_0172.png"; bbox 0 0 3266 4896; ppageno 0'>
   <div class='ocr_carea' id='block_1_1' title="bbox 476 661 1078 934">
    <p class='ocr_par' dir='ltr' id='par_1_1' title="bbox 476 661 1078 934">
     <span class='ocr_line' id='line_1_1' title="bbox 644 661 909 743; baseline 0.004 -3"><span class='ocrx_word' id='word_1_1' title='bbox 644 661 843 743; x_wconf 79' lang='lat' dir='ltr'><em>SECTIO</em></span> <span class='ocrx_word' id='word_1_2' title='bbox 874 666 909 741; x_wconf 91' lang='lat' dir='ltr'>I.</span> 
     </span>
     <span class='ocr_line' id='line_1_2' title="bbox 476 836 1078 934; baseline 0.002 -3"><span class='ocrx_word' id='word_1_3' title='bbox 476 837 526 932; x_wconf 72' lang='lat' dir='ltr'>ur</span> <span class='ocrx_word' id='word_1_4' title='bbox 556 836 735 933; x_wconf 72' lang='lat' dir='ltr'>trilicis</span> <span class='ocrx_word' id='word_1_5' title='bbox 765 837 1078 934; x_wconf 70' lang='lat' dir='ltr'>triturentur.</span> 
     </span>
    </p>
   </div>
   <div class='ocr_carea' id='block_1_2' title="bbox 184 1085 1450 1599">
    <p class='ocr_par' dir='ltr' id='par_1_2' title="bbox 184 1085 1450 1599">
     <span class='ocr_line' id='line_1_3' title="bbox 276 1085 1362 1173; baseline 0.001 -22"><span class='ocrx_word' id='word_1_6' title='bbox 276 1088 353 1152; x_wconf 88' lang='lat' dir='ltr'>Iam·</span> <span class='ocrx_word' id='word_1_7' title='bbox 369 1087 523 1152; x_wconf 83' lang='lat' dir='ltr'>-vidimus</span> <span class='ocrx_word' id='word_1_8' title='bbox 561 1094 661 1152; x_wconf 86' lang='lat' dir='ltr'>etex</span> <span class='ocrx_word' id='word_1_9' title='bbox 696 1087 728 1153; x_wconf 88' lang='lat' dir='ltr'>S.</span> <span class='ocrx_word' id='word_1_10' title='bbox 754 1085 936 1172; x_wconf 79' lang='lat' dir='ltr'>Theologia</span> <span class='ocrx_word' id='word_1_11' title='bbox 960 1088 1049 1154; x_wconf 90' lang='lat' dir='ltr'>clare</span> <span class='ocrx_word' id='word_1_12' title='bbox 1076 1087 1241 1173; x_wconf 88' lang='lat' dir='ltr'>probatur</span> <span class='ocrx_word' id='word_1_13' title='bbox 1265 1087 1362 1152; x_wconf 89' lang='lat' dir='ltr'>cleri·</span> 
     </span>
     <span class='ocr_line' id='line_1_4' title="bbox 186 1193 1364 1279; baseline 0.002 -21"><span class='ocrx_word' id='word_1_14' title='bbox 186 1215 332 1260; x_wconf 84' lang='lat' dir='ltr'>coenon</span> <span class='ocrx_word' id='word_1_15' title='bbox 355 1217 426 1260; x_wconf 87' lang='lat' dir='ltr'>esse</span> <span class='ocrx_word' id='word_1_16' title='bbox 449 1217 564 1263; x_wconf 85' lang='lat' dir='ltr'>omnes</span> <span class='ocrx_word' id='word_1_17' title='bbox 587 1195 744 1279; x_wconf 76' lang='lat' dir='ltr'>aequales</span> <span class='ocrx_word' id='word_1_18' title='bbox 767 1195 875 1279; x_wconf 86' lang='lat' dir='ltr'>gradu</span> <span class='ocrx_word' id='word_1_19' title='bbox 906 1202 941 1258; x_wconf 88' lang='lat' dir='ltr'>et</span> <span class='ocrx_word' id='word_1_20' title='bbox 962 1201 1140 1279; x_wconf 88' lang='lat' dir='ltr'>potestate;</span> <span class='ocrx_word' id='word_1_21' title='bbox 1182 1194 1240 1259; x_wconf 86' lang='lat' dir='ltr'>sed</span> <span class='ocrx_word' id='word_1_22' title='bbox 1280 1193 1364 1260; x_wconf 84' lang='lat' dir='ltr'>alios</span> 
     </span>
     <span class='ocr_line' id='line_1_5' title="bbox 185 1299 1450 1386; baseline 0.001 -20"><span class='ocrx_word' id='word_1_23' title='bbox 185 1299 264 1366; x_wconf 88' lang='lat' dir='ltr'>aliis</span> <span class='ocrx_word' id='word_1_24' title='bbox 287 1323 358 1366; x_wconf 86' lang='lat' dir='ltr'>esse</span> <span class='ocrx_word' id='word_1_25' title='bbox 381 1301 534 1386; x_wconf 87' lang='lat' dir='ltr'>maiores,</span> <span class='ocrx_word' id='word_1_26' title='bbox 558 1309 660 1386; x_wconf 84' lang='lat' dir='ltr'>atque</span> <span class='ocrx_word' id='word_1_27' title='bbox 694 1301 874 1366; x_wconf 85' lang='lat' dir='ltr'>inferiores</span> <span class='ocrx_word' id='word_1_28' title='bbox 899 1300 1137 1366; x_wconf 86' lang='lat' dir='ltr'>subordinatus</span> <span class='ocrx_word' id='word_1_29' title='bbox 1171 1323 1242 1366; x_wconf 86' lang='lat' dir='ltr'>esse</span> <span class='ocrx_word' id='word_1_30' title='bbox 1266 1323 1363 1386; x_wconf 87' lang='lat' dir='ltr'>supe·</span> <span class='ocrx_word' id='word_1_31' title='bbox 1434 1343 1450 1361; x_wconf 69' lang='lat'>,-</span> 
     </span>
     <span class='ocr_line' id='line_1_6' title="bbox 184 1405 1361 1494; baseline 0.003 -23"><span class='ocrx_word' id='word_1_32' title='bbox 184 1405 332 1485; x_wconf 85' lang='lat' dir='ltr'>rioribus</span> <span class='ocrx_word' id='word_1_33' title='bbox 354 1407 404 1472; x_wconf 91' lang='lat' dir='ltr'>ita</span> <span class='ocrx_word' id='word_1_34' title='bbox 428 1421 466 1472; x_wconf 88' lang='lat' dir='ltr'>ut</span> <span class='ocrx_word' id='word_1_35' title='bbox 489 1431 570 1474; x_wconf 89' lang='lat' dir='ltr'>vera</span> <span class='ocrx_word' id='word_1_36' title='bbox 585 1407 710 1473; x_wconf 82' lang='lat' dir='ltr'>existat</span> <span class='ocrx_word' id='word_1_37' title='bbox 744 1407 936 1472; x_wconf 76' lang='lat' dir='ltr'><strong>hierarchia</strong></span> <span class='ocrx_word' id='word_1_38' title='bbox 960 1430 1066 1491; x_wconf 89' lang='lat' dir='ltr'>eaque</span> <span class='ocrx_word' id='word_1_39' title='bbox 1089 1408 1217 1492; x_wconf 77' lang='lat' dir='ltr'>duplex</span> <span class='ocrx_word' id='word_1_40' title='bbox 1243 1415 1277 1473; x_wconf 91' lang='lat' dir='ltr'>et</span> <span class='ocrx_word' id='word_1_41' title='bbox 1302 1430 1361 1494; x_wconf 89' lang='lat' dir='ltr'>pa-</span> 
     </span>
     <span class='ocr_line' id='line_1_7' title="bbox 185 1497 1160 1599; baseline 0.002 -23"><span class='ocrx_word' id='word_1_42' title='bbox 185 1512 272 1579; x_wconf 90' lang='lat' dir='ltr'>riter</span> <span class='ocrx_word' id='word_1_43' title='bbox 294 1513 379 1579; x_wconf 86' lang='lat' dir='ltr'>iuris</span> <span class='ocrx_word' id='word_1_44' title='bbox 402 1514 523 1599; x_wconf 89' lang='lat' dir='ltr'>divini,</span> <span class='ocrx_word' id='word_1_45' title='bbox 547 1497 677 1579; x_wconf 85' lang='lat' dir='ltr'>scilicet</span> <span class='ocrx_word' id='word_1_46' title='bbox 699 1516 829 1580; x_wconf 82' lang='lat' dir='ltr'>ordinis</span> <span class='ocrx_word' id='word_1_47' title='bbox 852 1515 1160 1580; x_wconf 71' lang='lat' dir='ltr'>etiuriediete‘onia</span> 
     </span>
    </p>
   </div>
   <div class='ocr_carea' id='block_1_3' title="bbox 556 1829 994 2071">
    <p class='ocr_par' dir='ltr' id='par_1_3' title="bbox 556 1829 994 2071">
     <span class='ocr_line' id='line_1_8' title="bbox 612 1829 937 1898; baseline 0 0"><span class='ocrx_word' id='word_1_48' title='bbox 612 1829 877 1898; x_wconf 81' lang='lat' dir='ltr'><em>SUBSEOTIO</em></span> <span class='ocrx_word' id='word_1_49' title='bbox 907 1833 937 1898; x_wconf 88' lang='lat' dir='ltr'>I.</span> 
     </span>
     <span class='ocr_line' id='line_1_9' title="bbox 556 1993 994 2071; baseline 0.002 -2"><span class='ocrx_word' id='word_1_50' title='bbox 556 1993 597 2070; x_wconf 76' lang='grc' dir='ltr'>ΒΕ</span> <span class='ocrx_word' id='word_1_51' title='bbox 622 1993 823 2070; x_wconf 78' lang='lat' dir='ltr'>lllillllltllll</span> <span class='ocrx_word' id='word_1_52' title='bbox 849 1993 994 2071; x_wconf 83' lang='lat' dir='ltr'>llllllllllS.</span> 
     </span>
    </p>
   </div>
   <div class='ocr_carea' id='block_1_4' title="bbox 301 2223 1216 2478">
    <p class='ocr_par' dir='ltr' id='par_1_4' title="bbox 301 2223 1216 2478">
     <span class='ocr_line' id='line_1_10' title="bbox 644 2223 876 2296; baseline -0.034 0"><span class='ocrx_word' id='word_1_53' title='bbox 644 2293 645 2296; x_wconf 5' lang='grc' dir='ltr'>γ</span> <span class='ocrx_word' id='word_1_54' title='bbox 674 2223 827 2290; x_wconf 79' lang='lat' dir='ltr'>oAPur</span> <span class='ocrx_word' id='word_1_55' title='bbox 849 2225 876 2288; x_wconf 80' lang='grc' dir='ltr'>Ι.</span> 
     </span>
     <span class='ocr_line' id='line_1_11' title="bbox 301 2387 1216 2478; baseline 0.001 -14"><span class='ocrx_word' id='word_1_56' title='bbox 301 2401 308 2413; x_wconf 94' lang='grc'><em>·</em></span> <span class='ocrx_word' id='word_1_57' title='bbox 331 2391 367 2466; x_wconf 78' lang='lat' dir='ltr'>te</span> <span class='ocrx_word' id='word_1_58' title='bbox 392 2391 517 2478; x_wconf 73' lang='lat' dir='ltr'>grillus</span> <span class='ocrx_word' id='word_1_59' title='bbox 542 2388 703 2465; x_wconf 75' lang='lat' dir='ltr'>lineretur</span> <span class='ocrx_word' id='word_1_60' title='bbox 726 2387 823 2464; x_wconf 74' lang='lat' dir='ltr'>rillio</span> <span class='ocrx_word' id='word_1_61' title='bbox 846 2390 873 2464; x_wconf 78' lang='lat' dir='ltr'>el</span> <span class='ocrx_word' id='word_1_62' title='bbox 896 2389 928 2464; x_wconf 81' lang='lat' dir='ltr'>le</span> <span class='ocrx_word' id='word_1_63' title='bbox 944 2403 1021 2464; x_wconf 83' lang='lat' dir='ltr'>seru</span> <span class='ocrx_word' id='word_1_64' title='bbox 1046 2388 1216 2466; x_wconf 77' lang='lat' dir='ltr'>cillentur.</span> 
     </span>
    </p>
   </div>
   <div class='ocr_carea' id='block_1_5' title="bbox 181 2599 1362 3432">
    <p class='ocr_par' dir='ltr' id='par_1_5' title="bbox 182 2599 1362 2901">
     <span class='ocr_line' id='line_1_12' title="bbox 274 2599 1362 2688; baseline 0 -20"><span class='ocrx_word' id='word_1_65' title='bbox 274 2607 304 2668; x_wconf 82' lang='lat'>5.</span> <span class='ocrx_word' id='word_1_66' title='bbox 329 2603 381 2666; x_wconf 91' lang='lat' dir='ltr'>De</span> <span class='ocrx_word' id='word_1_67' title='bbox 404 2601 567 2688; x_wconf 77' lang='lat' dir='ltr'>gradibus</span> <span class='ocrx_word' id='word_1_68' title='bbox 608 2599 819 2666; x_wconf 83' lang='lat' dir='ltr'>hierarchiae</span> <span class='ocrx_word' id='word_1_69' title='bbox 846 2600 974 2666; x_wconf 79' lang='lat' dir='ltr'>ordinis</span> <span class='ocrx_word' id='word_1_70' title='bbox 1009 2601 1083 2665; x_wconf 87' lang='lat' dir='ltr'>fuse</span> <span class='ocrx_word' id='word_1_71' title='bbox 1116 2600 1220 2668; x_wconf 88' lang='lat' dir='ltr'>locuti</span> <span class='ocrx_word' id='word_1_72' title='bbox 1246 2624 1362 2668; x_wconf 85' lang='lat' dir='ltr'>sumus</span> 
     </span>
     <span class='ocr_line' id='line_1_13' title="bbox 182 2705 1362 2798; baseline 0.001 -25"><span class='ocrx_word' id='word_1_73' title='bbox 182 2709 220 2774; x_wconf 92' lang='lat' dir='ltr'>in</span> <span class='ocrx_word' id='word_1_74' title='bbox 244 2709 357 2775; x_wconf 80' lang='lat' dir='ltr'>Tract.</span> <span class='ocrx_word' id='word_1_75' title='bbox 381 2710 422 2774; x_wconf 93' lang='lat' dir='ltr'>de</span> <span class='ocrx_word' id='word_1_76' title='bbox 446 2707 563 2798; x_wconf 90' lang='lat' dir='ltr'>ordine</span> <span class='ocrx_word' id='word_1_77' title='bbox 598 2712 655 2791; x_wconf 81' lang='lat'><strong>(1);</strong></span> <span class='ocrx_word' id='word_1_78' title='bbox 680 2707 736 2772; x_wconf 92' lang='lat' dir='ltr'>hic</span> <span class='ocrx_word' id='word_1_79' title='bbox 753 2705 883 2790; x_wconf 90' lang='lat' dir='ltr'>aliquid</span> <span class='ocrx_word' id='word_1_80' title='bbox 905 2707 1101 2774; x_wconf 76' lang='lat' dir='ltr'>summatim</span> <span class='ocrx_word' id='word_1_81' title='bbox 1125 2707 1302 2774; x_wconf 84' lang='lat' dir='ltr'>recolimus</span> <span class='ocrx_word' id='word_1_82' title='bbox 1319 2731 1362 2774; x_wconf 91' lang='lat' dir='ltr'>ne</span> 
     </span>
     <span class='ocr_line' id='line_1_14' title="bbox 182 2813 1224 2901; baseline -0.001 -19"><span class='ocrx_word' id='word_1_83' title='bbox 182 2839 298 2882; x_wconf 89' lang='lat' dir='ltr'>rerum</span> <span class='ocrx_word' id='word_1_84' title='bbox 322 2817 426 2882; x_wconf 88' lang='lat' dir='ltr'>moles</span> <span class='ocrx_word' id='word_1_85' title='bbox 448 2814 642 2901; x_wconf 90' lang='lat' dir='ltr'>propositae</span> <span class='ocrx_word' id='word_1_86' title='bbox 667 2813 831 2880; x_wconf 78' lang='lat' dir='ltr'>brevitati</span> <span class='ocrx_word' id='word_1_87' title='bbox 854 2821 889 2879; x_wconf 90' lang='lat' dir='ltr'>et</span> <span class='ocrx_word' id='word_1_88' title='bbox 913 2814 1062 2880; x_wconf 80' lang='lat' dir='ltr'>claritati</span> <span class='ocrx_word' id='word_1_89' title='bbox 1086 2813 1224 2881; x_wconf 88' lang='lat' dir='ltr'>officiat.</span> 
     </span>
    </p>

    <p class='ocr_par' dir='ltr' id='par_1_6' title="bbox 184 2919 1361 3112">
     <span class='ocr_line' id='line_1_15' title="bbox 274 2919 1361 3007; baseline -0.001 -20"><span class='ocrx_word' id='word_1_90' title='bbox 274 2923 410 2988; x_wconf 76' lang='lat' dir='ltr'>Gradus</span> <span class='ocrx_word' id='word_1_91' title='bbox 435 2921 645 2987; x_wconf 89' lang='lat' dir='ltr'>hierarchiae</span> <span class='ocrx_word' id='word_1_92' title='bbox 672 2921 710 2984; x_wconf 90' lang='lat' dir='ltr'>in</span> <span class='ocrx_word' id='word_1_93' title='bbox 747 2919 877 2985; x_wconf 86' lang='lat' dir='ltr'>ordinis</span> <span class='ocrx_word' id='word_1_94' title='bbox 912 2921 1067 2986; x_wconf 77' lang='lat' dir='ltr'>Ecclesia</span> <span class='ocrx_word' id='word_1_95' title='bbox 1101 2920 1209 2987; x_wconf 89' lang='lat' dir='ltr'>latina</span> <span class='ocrx_word' id='word_1_96' title='bbox 1232 2929 1361 3007; x_wconf 88' lang='lat' dir='ltr'>septem</span> 
     </span>
     <span class='ocr_line' id='line_1_16' title="bbox 184 3035 1319 3112; baseline -0.002 -19"><span class='ocrx_word' id='word_1_97' title='bbox 184 3035 419 3112; x_wconf 87' lang='lat' dir='ltr'>numerantur,</span> <span class='ocrx_word' id='word_1_98' title='bbox 445 3049 587 3112; x_wconf 90' lang='lat' dir='ltr'>nempe:</span> <span class='ocrx_word' id='word_1_99' title='bbox 1316 3049 1319 3053; x_wconf 87' lang='lat'>·</span> 
     </span>
    </p>

    <p class='ocr_par' dir='ltr' id='par_1_7' title="bbox 181 3133 1360 3432">
     <span class='ocr_line' id='line_1_17' title="bbox 276 3133 1355 3218; baseline -0.002 -19"><span class='ocrx_word' id='word_1_100' title='bbox 276 3135 493 3218; x_wconf 65' lang='lat' dir='ltr'>Ostiuriutaa</span> <span class='ocrx_word' id='word_1_101' title='bbox 519 3137 707 3216; x_wconf 71' lang='lat' dir='ltr'>rectoratus,</span> <span class='ocrx_word' id='word_1_102' title='bbox 736 3133 967 3215; x_wconf 74' lang='lat' dir='ltr'>ceorcietclus,</span> <span class='ocrx_word' id='word_1_103' title='bbox 994 3135 1191 3218; x_wconf 71' lang='lat' dir='ltr'>accipietes,</span> <span class='ocrx_word' id='word_1_104' title='bbox 1217 3135 1355 3198; x_wconf 82' lang='lat' dir='ltr'>subdiu-</span> 
     </span>
     <span class='ocr_line' id='line_1_18' title="bbox 181 3237 1360 3324; baseline -0.002 -20"><span class='ocrx_word' id='word_1_105' title='bbox 181 3247 329 3324; x_wconf 71' lang='lat' dir='ltr'>cormtnr,</span> <span class='ocrx_word' id='word_1_106' title='bbox 355 3242 562 3323; x_wconf 78' lang='lat' dir='ltr'>diaconatus,</span> <span class='ocrx_word' id='word_1_107' title='bbox 587 3239 809 3304; x_wconf 78' lang='lat' dir='ltr'>sacerdotium</span> <span class='ocrx_word' id='word_1_108' title='bbox 836 3237 926 3322; x_wconf 88' lang='lat' dir='ltr'>quod</span> <span class='ocrx_word' id='word_1_109' title='bbox 949 3237 1077 3322; x_wconf 83' lang='lat' dir='ltr'>duplex</span> <span class='ocrx_word' id='word_1_110' title='bbox 1098 3245 1159 3323; x_wconf 80' lang='lat' dir='ltr'>cst,</span> <span class='ocrx_word' id='word_1_111' title='bbox 1186 3238 1299 3303; x_wconf 89' lang='lat' dir='ltr'>minus</span> <span class='ocrx_word' id='word_1_112' title='bbox 1323 3237 1360 3302; x_wconf 90' lang='lat' dir='ltr'>id</span> 
     </span>
     <span class='ocr_line' id='line_1_19' title="bbox 181 3345 1047 3432; baseline -0.002 -22"><span class='ocrx_word' id='word_1_113' title='bbox 181 3354 233 3411; x_wconf 86' lang='lat' dir='ltr'>est</span> <span class='ocrx_word' id='word_1_114' title='bbox 252 3349 516 3432; x_wconf 76' lang='lat' dir='ltr'>presbyteratus,</span> <span class='ocrx_word' id='word_1_115' title='bbox 540 3345 649 3410; x_wconf 89' lang='lat' dir='ltr'>maius</span> <span class='ocrx_word' id='word_1_116' title='bbox 673 3367 731 3409; x_wconf 87' lang='lat' dir='ltr'>seu</span> <span class='ocrx_word' id='word_1_117' title='bbox 755 3346 967 3430; x_wconf 77' lang='lat' dir='ltr'>episcopatus</span> <span class='ocrx_word' id='word_1_118' title='bbox 990 3347 1047 3428; x_wconf 71' lang='lat'>(2).</span> 
     </span>
    </p>
   </div>
   <div class='ocr_carea' id='block_1_6' title="bbox 179 3557 1360 4247">
    <p class='ocr_par' dir='ltr' id='par_1_8' title="bbox 181 3557 1359 3702">
     <span class='ocr_line' id='line_1_20' title="bbox 252 3557 1359 3627; baseline 0.003 -16"><span class='ocrx_word' id='word_1_119' title='bbox 252 3557 291 3626; x_wconf 85' lang='lat' dir='ltr'>(l)</span> <span class='ocrx_word' id='word_1_120' title='bbox 321 3557 382 3612; x_wconf 74' lang='lat' dir='ltr'>ou.</span> <span class='ocrx_word' id='word_1_121' title='bbox 413 3561 573 3622; x_wconf 81' lang='lat' dir='ltr'>Munerali,</span> <span class='ocrx_word' id='word_1_122' title='bbox 607 3557 793 3627; x_wconf 80' lang='lat' dir='ltr'>Theologiae</span> <span class='ocrx_word' id='word_1_123' title='bbox 825 3558 1087 3612; x_wconf 84' lang='lat' dir='ltr'>Sacramentariae</span> <span class='ocrx_word' id='word_1_124' title='bbox 1125 3559 1293 3625; x_wconf 83' lang='lat' dir='ltr'>Elementa,</span> <span class='ocrx_word' id='word_1_125' title='bbox 1322 3560 1359 3614; x_wconf 89' lang='lat' dir='ltr'>de</span> 
     </span>
     <span class='ocr_line' id='line_1_21' title="bbox 181 3647 308 3702; baseline 0.024 -5"><span class='ocrx_word' id='word_1_126' title='bbox 181 3647 308 3702; x_wconf 85' lang='lat' dir='ltr'>Ordine.</span> 
     </span>
    </p>

    <p class='ocr_par' dir='ltr' id='par_1_9' title="bbox 179 3734 1360 4247">
     <span class='ocr_line' id='line_1_22' title="bbox 253 3734 1360 3806; baseline 0.002 -18"><span class='ocrx_word' id='word_1_127' title='bbox 253 3735 295 3806; x_wconf 85' lang='grc'>(2)</span> <span class='ocrx_word' id='word_1_128' title='bbox 313 3735 451 3790; x_wconf 73' lang='lat' dir='ltr'>Tonsura</span> <span class='ocrx_word' id='word_1_129' title='bbox 471 3753 530 3790; x_wconf 88' lang='lat' dir='ltr'>non</span> <span class='ocrx_word' id='word_1_130' title='bbox 551 3744 598 3789; x_wconf 84' lang='lat' dir='ltr'>est</span> <span class='ocrx_word' id='word_1_131' title='bbox 627 3735 699 3788; x_wconf 89' lang='lat' dir='ltr'>erdo</span> <span class='ocrx_word' id='word_1_132' title='bbox 729 3735 802 3806; x_wconf 86' lang='lat' dir='ltr'>quia</span> <span class='ocrx_word' id='word_1_133' title='bbox 834 3753 888 3804; x_wconf 89' lang='lat' dir='ltr'>per</span> <span class='ocrx_word' id='word_1_134' title='bbox 908 3734 1004 3806; x_wconf 87' lang='lat' dir='ltr'>ipsam</span> <span class='ocrx_word' id='word_1_135' title='bbox 1025 3735 1138 3790; x_wconf 84' lang='lat' dir='ltr'>nullam</span> <span class='ocrx_word' id='word_1_136' title='bbox 1161 3735 1229 3806; x_wconf 83' lang='lat' dir='ltr'>quis</span> <span class='ocrx_word' id='word_1_137' title='bbox 1249 3734 1360 3806; x_wconf 84' lang='lat' dir='ltr'>recipit</span> 
     </span>
     <span class='ocr_line' id='line_1_23' title="bbox 180 3823 1359 3896; baseline 0.001 -18"><span class='ocrx_word' id='word_1_138' title='bbox 180 3823 372 3896; x_wconf 87' lang='lat' dir='ltr'>spiritualem</span> <span class='ocrx_word' id='word_1_139' title='bbox 393 3830 587 3895; x_wconf 84' lang='lat' dir='ltr'>potestatem,</span> <span class='ocrx_word' id='word_1_140' title='bbox 607 3827 661 3878; x_wconf 87' lang='lat' dir='ltr'>sed</span> <span class='ocrx_word' id='word_1_141' title='bbox 680 3824 862 3894; x_wconf 84' lang='lat' dir='ltr'>simpliciter</span> <span class='ocrx_word' id='word_1_142' title='bbox 882 3832 1043 3894; x_wconf 82' lang='lat' dir='ltr'>separatur</span> <span class='ocrx_word' id='word_1_143' title='bbox 1063 3842 1081 3878; x_wconf 88' lang='lat' dir='ltr'>a</span> <span class='ocrx_word' id='word_1_144' title='bbox 1099 3823 1188 3894; x_wconf 89' lang='lat' dir='ltr'>plebe</span> <span class='ocrx_word' id='word_1_145' title='bbox 1208 3830 1239 3878; x_wconf 87' lang='lat' dir='ltr'>et</span> <span class='ocrx_word' id='word_1_146' title='bbox 1255 3841 1359 3879; x_wconf 87' lang='lat' dir='ltr'>accen·</span> 
     </span>
     <span class='ocr_line' id='line_1_24' title="bbox 179 3913 1359 3984; baseline 0.002 -18"><span class='ocrx_word' id='word_1_147' title='bbox 179 3917 265 3966; x_wconf 83' lang='lat' dir='ltr'>cetur</span> <span class='ocrx_word' id='word_1_148' title='bbox 285 3913 384 3972; x_wconf 87' lang='lat' dir='ltr'>coetui</span> <span class='ocrx_word' id='word_1_149' title='bbox 405 3913 548 3969; x_wconf 83' lang='lat' dir='ltr'>clericali.</span> <span class='ocrx_word' id='word_1_150' title='bbox 563 3914 603 3967; x_wconf 85' lang='lat' dir='ltr'>Et</span> <span class='ocrx_word' id='word_1_151' title='bbox 616 3913 723 3983; x_wconf 87' lang='lat' dir='ltr'>primis</span> <span class='ocrx_word' id='word_1_152' title='bbox 737 3913 896 3968; x_wconf 83' lang='lat' dir='ltr'>Ecclesiae</span> <span class='ocrx_word' id='word_1_153' title='bbox 913 3913 1046 3968; x_wconf 82' lang='lat' dir='ltr'>saeculis</span> <span class='ocrx_word' id='word_1_154' title='bbox 1060 3913 1151 3968; x_wconf 87' lang='lat' dir='ltr'>simul</span> <span class='ocrx_word' id='word_1_155' title='bbox 1166 3929 1233 3967; x_wconf 86' lang='lat' dir='ltr'>curn</span> <span class='ocrx_word' id='word_1_156' title='bbox 1254 3915 1359 3984; x_wconf 89' lang='lat' dir='ltr'>aliquo</span> 
     </span>
     <span class='ocr_line' id='line_1_25' title="bbox 179 3999 1357 4070; baseline 0 -16"><span class='ocrx_word' id='word_1_157' title='bbox 179 4001 287 4054; x_wconf 88' lang='lat' dir='ltr'>ordine</span> <span class='ocrx_word' id='word_1_158' title='bbox 317 4000 451 4056; x_wconf 85' lang='lat' dir='ltr'>conferri</span> <span class='ocrx_word' id='word_1_159' title='bbox 483 4007 693 4055; x_wconf 84' lang='lat' dir='ltr'>consueverat.</span> <span class='ocrx_word' id='word_1_160' title='bbox 723 4002 871 4070; x_wconf 85' lang='lat' dir='ltr'>Separata</span> <span class='ocrx_word' id='word_1_161' title='bbox 902 4008 1004 4056; x_wconf 85' lang='lat' dir='ltr'>autem</span> <span class='ocrx_word' id='word_1_162' title='bbox 1037 4000 1096 4055; x_wconf 86' lang='lat' dir='ltr'>fuit</span> <span class='ocrx_word' id='word_1_163' title='bbox 1126 4001 1165 4055; x_wconf 88' lang='lat' dir='ltr'>ab</span> <span class='ocrx_word' id='word_1_164' title='bbox 1185 3999 1357 4068; x_wconf 66' lang='lat' dir='ltr'>ordinibua</span> 
     </span>
     <span class='ocr_line' id='line_1_26' title="bbox 180 4089 1358 4160; baseline 0.001 -17"><span class='ocrx_word' id='word_1_165' title='bbox 180 4090 268 4144; x_wconf 82' lang='lat' dir='ltr'>iuxta</span> <span class='ocrx_word' id='word_1_166' title='bbox 289 4093 450 4157; x_wconf 81' lang='lat' dir='ltr'>Morinum,</span> <span class='ocrx_word' id='word_1_167' title='bbox 471 4090 505 4146; x_wconf 92' lang='lat' dir='ltr'>P.</span> <span class='ocrx_word' id='word_1_168' title='bbox 524 4089 583 4156; x_wconf 90' lang='lat' dir='ltr'>III,</span> <span class='ocrx_word' id='word_1_169' title='bbox 603 4090 712 4144; x_wconf 85' lang='lat' dir='ltr'>Exere.</span> <span class='ocrx_word' id='word_1_170' title='bbox 745 4090 811 4154; x_wconf 88' lang='lat' dir='ltr'>XV,</span> <span class='ocrx_word' id='word_1_171' title='bbox 838 4107 863 4146; x_wconf 91' lang='lat' dir='ltr'>e.</span> <span class='ocrx_word' id='word_1_172' title='bbox 881 4090 907 4158; x_wconf 86' lang='lat'>3,</span> <span class='ocrx_word' id='word_1_173' title='bbox 929 4097 998 4160; x_wconf 86' lang='lat' dir='ltr'>pest</span> <span class='ocrx_word' id='word_1_174' title='bbox 1026 4091 1166 4160; x_wconf 88' lang='lat' dir='ltr'>quintum</span> <span class='ocrx_word' id='word_1_175' title='bbox 1199 4089 1358 4144; x_wconf 79' lang='lat' dir='ltr'>Ecclesiae</span> 
     </span>
     <span class='ocr_line' id='line_1_27' title="bbox 180 4176 1359 4247; baseline -0.001 -15"><span class='ocrx_word' id='word_1_176' title='bbox 180 4177 349 4247; x_wconf 78' lang='lat' dir='ltr'>saeculum3</span> <span class='ocrx_word' id='word_1_177' title='bbox 368 4177 457 4232; x_wconf 84' lang='lat' dir='ltr'>iuxta</span> <span class='ocrx_word' id='word_1_178' title='bbox 477 4177 556 4231; x_wconf 88' lang='lat' dir='ltr'>alios</span> <span class='ocrx_word' id='word_1_179' title='bbox 583 4185 613 4230; x_wconf 88' lang='lat' dir='ltr'>et</span> <span class='ocrx_word' id='word_1_180' title='bbox 643 4182 703 4231; x_wconf 80' lang='lat' dir='ltr'>iam</span> <span class='ocrx_word' id='word_1_181' title='bbox 724 4185 795 4231; x_wconf 86' lang='lat' dir='ltr'>ante</span> <span class='ocrx_word' id='word_1_182' title='bbox 815 4177 841 4230; x_wconf 89' lang='lat' dir='ltr'>V</span> <span class='ocrx_word' id='word_1_183' title='bbox 863 4178 1028 4234; x_wconf 82' lang='lat' dir='ltr'>saeculum.</span> <span class='ocrx_word' id='word_1_184' title='bbox 1062 4176 1124 4233; x_wconf 76' lang='lat' dir='ltr'>on.</span> <span class='ocrx_word' id='word_1_185' title='bbox 1143 4179 1359 4234; x_wconf 81' lang='lat' dir='ltr'>Mobillouium</span> 
     </span>
    </p>
   </div>
   <div class='ocr_carea' id='block_1_7' title="bbox 232 4299 1305 4354">
    <p class='ocr_par' dir='ltr' id='par_1_10' title="bbox 232 4299 1305 4354">
     <span class='ocr_line' id='line_1_28' title="bbox 232 4299 1305 4354; baseline -0.003 -10"><span class='ocrx_word' id='word_1_186' title='bbox 232 4301 366 4347; x_wconf 71' lang='lat' dir='ltr'>Musarum</span> <span class='ocrx_word' id='word_1_187' title='bbox 380 4325 406 4334; x_wconf 92' lang='lat'><em>-</em></span> <span class='ocrx_word' id='word_1_188' title='bbox 420 4300 538 4346; x_wconf 72' lang='lat' dir='ltr'>Elementa</span> <span class='ocrx_word' id='word_1_189' title='bbox 553 4301 615 4344; x_wconf 70' lang='lat' dir='ltr'>iuris</span> <span class='ocrx_word' id='word_1_190' title='bbox 628 4299 681 4344; x_wconf 82' lang='lat' dir='ltr'>eccl.</span> <span class='ocrx_word' id='word_1_191' title='bbox 693 4299 758 4354; x_wconf 78' lang='lat' dir='ltr'>publ.</span> <span class='ocrx_word' id='word_1_192' title='bbox 773 4301 794 4343; x_wconf 70' lang='lat' dir='ltr'>ei</span> <span class='ocrx_word' id='word_1_193' title='bbox 805 4303 906 4354; x_wconf 74' lang='lat' dir='ltr'>privati.</span> <span class='ocrx_word' id='word_1_194' title='bbox 1278 4301 1305 4341; x_wconf 72' lang='lat'>12</span> 
     </span>
    </p>
   </div>
   <div class='ocr_carea' id='block_1_8' title="bbox 0 0 1638 4896">
    <p class='ocr_par' dir='ltr' id='par_1_11' title="bbox 0 0 1638 4896">
     <span class='ocr_line' id='line_1_29' title="bbox 0 0 1638 4896; baseline 0 2"><span class='ocrx_word' id='word_1_195' title='bbox 0 0 1638 4896; x_wconf 95' lang='lat' dir='ltr'> </span> 
     </span>
    </p>
   </div>
  </div>
 </body>
</html>
