3198 4898
309 339 365 394 334

399 443 453 508 Ad
489 444 590 508 utilia
613 449 746 528 spectat
767 442 821 508 ius
843 442 978 530 patroni
1005 441 1227 530 percipiendi,
1240 465 1283 507 ex
1305 441 1401 506 bonis
1427 461 1482 504 ec-

308 548 431 616 clesiae
454 555 654 636 patronatae
677 547 839 616 alimenta
861 571 923 636 pro
946 572 990 634 sa,
1009 571 1114 615 uxore
1139 556 1174 614 et
1196 547 1276 614 filiis
1299 546 1327 613 si
1351 547 1393 612 ad
1408 547 1482 612 ino-

310 656 404 744 piam
427 679 554 741 veram,
578 678 647 722 non
669 656 874 742 culpabilem
897 665 1020 744 vergat
1042 660 1100 740 (1).
1564 719 1565 732 ,

396 763 452 828 Ad
475 785 622 830 onerosa:
646 769 681 845 a)
704 785 786 828 cura
810 763 1068 852 providentialis
1093 764 1199 830 relate
1216 763 1259 830 ad
1284 761 1481 828 beneficium
1564 733 1565 782 l

308 893 352 936 ne
369 870 531 936 videlicet
545 867 617 936 eius
634 870 721 936 bona
744 871 831 936 male
852 869 1064 956 dissipentur
1080 873 1135 956 (2);
1155 873 1185 954 b)
1200 869 1363 956 obligatio
1380 891 1480 954 quae-

309 978 388 1043 dam
411 977 591 1062 reparandi
616 984 650 1042 et
673 976 909 1044 reaedificandi
933 977 1110 1044 ecclesiam
1137 985 1353 1063 patronatum
1392 975 1479 1041 forte

309 1083 503 1168 collapsam,
528 1090 562 1148 ot
585 1083 698 1150 dotem
722 1082 933 1148 restaurandi
958 1083 985 1148 si
1010 1082 1122 1168 prima
1145 1069 1309 1150 defecerit
1332 1082 1390 1165 (3).
1565 1073 1566 1142 l

401 1191 474 1256 169.
498 1189 557 1256 Ius
579 1189 681 1255 dandi
720 1189 970 1256 institutionem
1009 1185 1204 1256 collativam
1238 1188 1343 1274 tituli,
1376 1188 1405 1253 si
1438 1189 1478 1252 de
1565 1173 1566 1182 ἵ

309 1295 480 1362 beneficiis
502 1295 685 1362 maioribus
708 1295 832 1380 agitur,
857 1296 959 1362 habet
982 1296 1092 1362 solum
1115 1297 1158 1361 R.
1183 1295 1354 1377 Pontifex3
1388 1295 1416 1360 si
1438 1295 1479 1359 de

309 1401 497 1468 minoribus
521 1401 712 1488 Episcopus
736 1403 784 1485 (4)
809 1403 844 1468 in
867 1425 928 1470 sua
950 1402 1106 1487 dioecesi,
1142 1404 1197 1468 vel
1232 1403 1308 1468 sede
1338 1410 1480 1468 vacante

310 1507 467 1574 Vicarius
491 1507 709 1594 Capitularis;
734 1520 769 1574 et
791 1509 968 1575 Praelatus
991 1511 1119 1576 cullius
1141 1514 1196 1592 (b).
1566 1591 1567 1594 Ἴ

400 1615 578 1681 Institutio
601 1615 674 1684 fieri
698 1616 798 1682 debet
821 1621 855 1699 a)
877 1617 968 1682 intra
1007 1619 1189 1702 lepitimcm
1225 1625 1355 1702 tempas
1392 1615 1477 1700 quod

307 1722 466 1808 quamvis
488 1721 526 1787 in
548 1745 670 1807 genere
693 1746 760 1788 non
783 1723 828 1788 sit
850 1722 888 1788 in
910 1723 984 1789 iure
1009 1724 1187 1790 definitum
1215 1731 1330 1789 tamen
1371 1722 1477 1806 quoad

310 1829 473 1896 beneficia
495 1829 704 1914 parochialia
727 1852 795 1895 non
817 1829 1014 1896 extenditur
1037 1829 1128 1896 ultra
1150 1830 1234 1896 duos
1270 1851 1401 1894 menses
1423 1831 1476 1910 (6);

308 1937 341 2019 b)
364 1946 440 2022 post
464 1959 603 2002 acumen
626 1937 669 2002 ab
685 1935 864 2003 Ordinario
879 1936 1089 2018 institutum,
1105 1959 1172 2022 quo
1186 1935 1393 2022 praesentati
1409 1935 1475 2000 ido·
1567 1929 1568 1940 ’

309 2042 364 2108 nei
387 2043 513 2128 roperti
538 2043 617 2110 sint.
641 2042 677 2108 Si
702 2043 889 2130 Episcopus
911 2043 1162 2110 institutionem
1186 2042 1301 2108 elerici
1323 2065 1475 2128 praesen·

307 2149 372 2214 tati
408 2159 548 2234 recuset,
574 2173 710 2216 causam
732 2150 916 2235 patefaciat
939 2157 1072 2234 oportet
1094 2157 1237 2236 patrono
1260 2150 1315 2216 vel
1331 2149 1391 2216 alii
1409 2171 1476 2234 per·

308 2279 409 2322 sonae
432 2255 476 2322 ad
500 2256 766 2324 nominationem
790 2257 995 2342 competenti
1020 2260 1078 2340 (7).

397 2364 566 2429 Patronus
589 2371 703 2430 autem
726 2365 781 2432 vel
804 2363 987 2449 appellare,
1010 2364 1065 2428 vel
1088 2362 1193 2430 alium
1211 2363 1372 2428 clericum
1387 2385 1474 2448 prae·

307 2476 442 2534 eantare
465 2477 576 2554 potest
598 2470 780 2536 dummodo
802 2469 893 2534 inter
905 2476 1039 2554 tempus
1054 2469 1233 2535 definitum
1248 2468 1284 2533 id
1302 2467 1433 2550 faciat(
1455 2476 1472 2549 ).

310 2667 358 2722 ius
377 2665 616 2722 thurificationis
636 2665 712 2720 nulli
733 2643 878 2720 laicorum
901 2665 961 2718 nisi
977 2665 1180 2736 regnantibus
1192 2672 1372 2735 competere,
1386 2664 1473 2717 citan-
1569 2677 1570 2700 1

308 2763 355 2812 tes
375 2757 528 2812 decretum
549 2756 579 2810 in
594 2756 719 2826 Neapol.
730 2757 748 2810 3
759 2756 826 2811 lun.
843 2756 910 2810 1635
923 2755 1002 2826 apud
1018 2757 1194 2820 Gardelliai,
1208 2762 1281 2812 tom.
1300 2755 1359 2818 ΙΙΙ,
1375 2773 1401 2808 n.
1418 2753 1472 2808 110.

379 2864 421 2933 (1)
440 2865 621 2934 Schmulapr.
641 2881 670 2918 n.
692 2863 743 2918 105
763 2868 793 2918 et
812 2879 905 2936 seqq.;
926 2866 1050 2918 Leuren.
1070 2863 1089 2917 l.
1109 2879 1133 2918 c.
1153 2881 1181 2933 q.
1201 2863 1252 2917 100
1272 2869 1302 2916 et
1323 2879 1405 2932 seqq.

380 2970 420 3040 (2)
438 2969 531 3024 Nulla
551 2987 623 3023 vero
641 2969 868 3024 administratio
892 2969 1039 3022 bonorum
1070 2968 1144 3024 eccl.
1176 2975 1301 3038 patrono
1327 2967 1470 3038 competit,

308 3076 364 3114 nec
385 3058 448 3111 ulla
469 3056 644 3128 ingerentia
664 3057 694 3110 in
714 3056 806 3112 rebus
826 3055 1052 3128 spiritualibus.

244 3219 247 3223 ι
323 3215 326 3220 Ι
380 3147 462 3225 Trici.
482 3163 556 3200 sess.
578 3146 693 3202 XXIV.
712 3146 767 3200 c.3
788 3146 824 3200 da
840 3144 895 3200 ref.
909 3143 1006 3211 XXV,
1022 3163 1047 3198 c.
1060 3146 1077 3198 9
1091 3147 1129 3202 de
1141 3161 1211 3210 resa
1224 3146 1357 3206 Aiobaer.
1379 3163 1405 3216 p.
1416 3145 1469 3208 331,

379 3255 418 3325 (3)
438 3252 500 3308 cfr.
524 3255 634 3321 Wernz,
654 3253 695 3321 11,
715 3271 745 3312 n.
762 3254 823 3309 433.

379 3363 418 3432 (4)
438 3360 541 3414 Etiam
561 3377 620 3417 non
647 3366 853 3429 consecratus,
873 3359 906 3416 0.
924 3361 950 3428 3,
970 3360 1008 3428 Χ,
1028 3361 1057 3416 h.
1076 3367 1098 3416 t.
1121 3361 1147 3430 73
1167 3360 1327 3428 Laurea.‚l
1357 3359 1472 3416 c.P.Il.

307 3468 336 3521 q.
356 3450 415 3516 169,
437 3449 497 3504 177.

378 3555 419 3626 (5)
438 3556 621 3626 Schmclzpa
643 3573 671 3610 n.
691 3555 734 3625 10,
753 3555 782 3610 h.
801 3561 823 3610 t.

378 3662 419 3731 (6)
439 3661 543 3718 Consi.
563 3666 608 3719 l’ii
631 3665 663 3730 V,
683 3687 698 3716 a
721 3665 758 3720 Ia
777 3663 965 3731 conferendis
984 3686 1008 3730 ›‚
1031 3665 1063 3718 18
1083 3663 1188 3718 Martii
1210 3665 1290 3732 1567,
1309 3662 1329 3738 ᾖ
1348 3665 1375 3720 4.

379 3768 421 3840 (Ι)
441 3767 503 3824 Gfr.
526 3773 639 3838 Weraz,
658 3769 699 3834 ΙΙ,
720 3787 748 3825 n.
766 3770 829 3826 445.

378 3875 420 3948 (8)
442 3879 574 3942 Lcureu„
595 3877 617 3930 l.
636 3893 661 3930 c.
681 3875 716 3931 P.
735 3877 776 3943 ΙΙ,
796 3895 831 3947 q.
850 3878 911 3932 153.
