3266 4896
350 335 404 388 142

352 457 513 517 libidinem
536 455 619 534 fictu,
641 455 693 516 sed
717 475 755 516 ex
776 458 920 516 maximis
951 457 1045 514 ducta
1081 457 1315 530 rarissimisque
1350 457 1512 531 principiis,

350 574 428 630 quae
450 557 518 633 ipsa
539 554 675 614 naturali
697 556 817 614 ratione
838 553 1070 613 confirmantur.

432 652 518 712 'Palis
539 658 644 712 autem
665 649 867 712 conformatio
889 650 1078 728 reipublicae
1102 650 1182 709 nihil
1204 649 1308 728 habet,
1330 649 1408 725 quod
1424 651 1513 726 possit

348 758 406 808 aut
427 753 529 812 minus
550 750 650 810 videri
672 750 802 826 dignum
822 749 1028 828 amplitudine
1050 751 1234 827 principum,
1256 757 1312 808 aut
1333 767 1441 826 parum
1469 747 1514 806 de-

351 867 464 908 corum:
488 855 669 922 tantumque
690 849 789 925 abest,
810 857 846 909 ut
866 850 935 912 iura
956 849 1132 906 maiestatis
1154 847 1327 933 imminuat,
1349 853 1385 906 ut
1420 850 1513 924 potius

347 947 514 1006 stabiliora
535 953 628 1022 atque
652 949 832 1024 augustiora
853 946 960 1006 faciat.
982 947 1090 1023 hamc,
1113 948 1140 1004 si
1168 945 1264 1004 altius
1299 945 1513 1023 consideretur,

353 1045 449 1104 habet
469 1044 524 1102 illa
546 1042 749 1104 conformatio
771 1041 1355 1124 perfectionemquemdammagnam,
1383 1062 1444 1118 qua
1472 1061 1515 1100 ca-

351 1149 424 1201 rent
445 1144 541 1200 ceteri
565 1141 884 1218 rerumpublicarum
906 1141 996 1202 modi:
1019 1160 1057 1199 ex
1079 1159 1174 1216 eaque
1189 1139 1312 1200 fructus
1328 1149 1436 1200 essent
1449 1159 1514 1199 sane

319 1269 322 1276 .
351 1239 540 1298 excellentes
562 1246 594 1298 et
615 1241 694 1298 varii
716 1243 923 1317 consecuturi,
945 1242 972 1298 si
993 1237 1081 1298 modo
1117 1257 1207 1298 suum
1239 1245 1346 1314 partes
1381 1239 1515 1316 singulae

351 1337 483 1413 gradum
504 1343 660 1414 tenerent,
681 1342 774 1412 atque
796 1337 874 1396 illud
895 1339 1018 1413 integre
1045 1335 1213 1412 efficerent,
1245 1339 1295 1394 oui
1322 1319 1516 1412 unaquaeque

338 1436 531 1518 praeposita
563 1439 621 1510 est,
653 1433 786 1494 officium
807 1440 840 1494 et
860 1453 981 1495 munus.
1004 1469 1042 1476 —
1064 1433 1189 1493 Revera
1211 1436 1242 1492 in
1266 1453 1311 1510 aa,
1337 1453 1430 1508 quam
1451 1438 1517 1491 ante

351 1531 497 1606 diximus,
529 1534 753 1591 constitutione
786 1531 984 1608 reipublicae,
1017 1537 1092 1592 sunt
1126 1530 1249 1606 quidem
1288 1531 1397 1590 diviua
1432 1537 1517 1606 atque

352 1629 487 1687 humana
521 1631 721 1688 conuenienti
743 1630 851 1688 ordine
882 1632 1009 1707 partita:
1033 1629 1199 1688 incolumia
1221 1631 1336 1688 civium
1359 1631 1439 1706 iura,
1474 1647 1518 1686 ea-

351 1726 482 1801 demque
503 1726 691 1802 divinarum,
713 1727 913 1804 naturalium,
935 1726 1199 1802 humanarumque
1226 1726 1329 1803 legum
1351 1728 1519 1802 patrocinio

350 1823 490 1885 defensa:
512 1824 680 1884 officiorum
695 1825 887 1902 singulorum
901 1843 969 1884 cum
985 1828 1145 1902 sapienter
1158 1828 1330 1884 constitute
1344 1825 1519 1902 descriptio,

352 1929 418 1980 tum
440 1930 610 2000 opportune
633 1927 754 1982 sancita
775 1923 926 1986 custodia.
949 1923 1071 1999 Singuli
1095 1923 1235 1982 homines
1256 1925 1290 1981 in
1312 1924 1368 1982 hoc
1390 1925 1429 1982 ad
1446 1943 1519 1982 sem·

351 2022 507 2097 piternam
529 2021 614 2080 illam
636 2024 798 2080 civitatem
820 2021 913 2080 dubio
935 2021 1148 2096 laboriosoque
1170 2021 1323 2080 curriculo
1344 2021 1407 2080 sibi
1422 2026 1520 2082 sciunt

351 2126 477 2196 praesto
498 2139 576 2196 esse,
598 2139 673 2194 quos
696 2125 764 2178 tuto
792 2125 963 2196 sequantur
998 2119 1036 2177 ad
1072 2119 1311 2196 ingrediendum
1346 2120 1451 2198 duceri,
1485 2119 1521 2178 ad

341 2217 597 2293 perveniendum
618 2217 787 2276 adiutores:
808 2219 988 2294 pariterque
1010 2216 1203 2292 intelligunt,
1226 2217 1287 2274 sibi
1309 2217 1386 2276 alios
1402 2237 1471 2276 esse
1485 2219 1520 2274 ad

351 2318 562 2392 securitatem,
584 2314 623 2374 ad
646 2313 799 2392 fortunas,
821 2313 858 2372 ad
882 2313 1039 2374 commoda
1061 2321 1175 2392 cetera,
1207 2315 1319 2389 quibus
1353 2319 1521 2374 communis

351 2413 427 2471 haec
448 2416 516 2471 vita
537 2418 669 2488 constat,
692 2413 741 2470 vel
763 2413 914 2490 parienda
935 2411 985 2470 vel
1007 2413 1219 2474 con-servanda
1240 2412 1339 2473 datos.
1363 2447 1401 2457 —
1425 2414 1521 2473 Socie-

352 2517 402 2569 tas
423 2510 591 2570 domestica
614 2529 691 2587 eam,
713 2529 804 2586 quam
826 2529 883 2588 par
918 2517 976 2588 est,
1008 2509 1234 2572 firmitudinem
1268 2511 1457 2588 adipiscitur
1487 2531 1521 2570 ex

351 2611 445 2666 unius
466 2614 559 2683 atque
581 2607 737 2668 individui
760 2611 929 2668 sanctitate
964 2611 1109 2685 coniugii:
1146 2612 1215 2668 iura
1247 2607 1406 2684 officiaque
1442 2612 1522 2668 inter

351 2709 498 2782 coniuges
520 2709 655 2782 sapienti
678 2709 802 2764 iustitia
824 2714 856 2764 et
876 2709 1034 2782 aequitate
1056 2713 1217 2784 reguntur:
1240 2707 1381 2766 debitum
1403 2727 1523 2768 conser-

350 2810 445 2862 vatur
467 2804 590 2876 mulieri
612 2804 715 2864 decus:
737 2807 908 2863 auctoritas
931 2806 991 2862 viri
1013 2804 1052 2862 ad
1074 2804 1249 2880 exemplum
1264 2811 1312 2863 est
1326 2809 1522 2865 auctoritatis

351 2901 411 2959 Dei
433 2901 634 2962 conformata:
658 2914 831 2978 temperata
852 2905 955 2978 patria
977 2908 1116 2978 potestas
1138 2905 1360 2962 convenienter
1374 2903 1522 2980 dignitati

345 3002 458 3058 'uxoris
479 3000 646 3076 prolisque:
668 2999 800 3074 denique
822 2999 988 3058 liberorum
1012 3003 1149 3076 tuitioni,
1185 3001 1361 3077 commodis,
1398 3005 1523 3060 institu-

351 3101 431 3156 tioni
453 3101 568 3174 optime
590 3097 773 3156 consulitur.
795 3133 833 3142 -
855 3097 892 3155 In
915 3115 1029 3172 genere
1062 3117 1165 3156 rerum
1200 3098 1326 3174 politico
1361 3105 1393 3157 et
1429 3099 1522 3174 civili,

346 3196 438 3272 ‚leges
459 3201 603 3272 spectant
625 3213 784 3254 commune
806 3195 927 3270 bonum,
949 3213 1048 3269 neque
1070 3195 1232 3254 voluntate
1255 3196 1432 3274 iudicioque
1467 3196 1521 3255 fal-

351 3295 412 3353 laci
433 3293 657 3367 multitudinis,
679 3293 733 3352 sed
757 3295 890 3352 veritate
913 3295 1096 3367 iustitiaque
1128 3292 1318 3369 diriguntur:
1355 3297 1522 3354 auctoritas

348 3396 527 3470 principum
550 3391 794 3450 sanctitudinem
815 3391 978 3466 quamdam
1000 3392 1105 3450 induit
1126 3392 1261 3451 humana
1283 3395 1440 3470 maiorem,
1456 3411 1520 3452 cou-

352 3494 532 3566 tineturque
554 3509 593 3548 ne
616 3489 752 3548 declinet
774 3509 792 3547 a
813 3483 946 3565 iustitia,
968 3509 1029 3548 neu
1050 3490 1172 3548 modum
1195 3493 1228 3548 in
1243 3491 1425 3566 imperando
1441 3499 1521 3549 tran-

347 3589 449 3648 siliat:
472 3588 649 3646 obedientia
672 3589 787 3644 civium
808 3587 903 3644 habet
924 3587 1119 3645 honestatem
1145 3586 1398 3663 degnitatemque
1435 3590 1520 3646 comi-

352 3691 424 3764 tem,
446 3689 518 3761 quia
540 3704 602 3742 nou
623 3689 673 3743 est
694 3685 829 3742 hominis
850 3685 889 3742 ad
910 3684 1065 3742 hominem
1088 3687 1235 3762 servitus,
1256 3684 1311 3744 sed
1333 3685 1521 3764 obtempera-

352 3786 397 3842 tio
418 3784 574 3842 voluntati
595 3783 665 3859 Dei,
687 3797 816 3858 regnum
838 3802 894 3858 per
915 3783 1055 3841 homines
1077 3787 1262 3842 exercentis.
1298 3782 1366 3858 Quo
1402 3786 1521 3861 cognito

351 3899 387 3938 ac
408 3898 565 3957 persuaso,
588 3881 711 3937 omnino
733 3879 772 3938 ad
793 3881 949 3938 iustitiam
970 3882 1128 3955 pertinere
1151 3879 1206 3938 illa
1226 3880 1460 3956 intelliguntur,
1473 3898 1520 3937 ve-

352 3981 416 4045 reri
437 3981 634 4036 maiestatem
655 3979 840 4054 principum,
862 3976 989 4036 subesse
1010 3983 1191 4036 constanter
1212 3984 1244 4036 et
1272 3976 1409 4038 fideliter
1440 3985 1520 4054 pote-

345 4078 429 4135 stati
449 4075 600 4152 publicae,
622 4073 703 4132 nihil
724 4074 872 4134 seditiose
893 4073 1006 4152 facere,
1022 4081 1162 4133 sanctam
1186 4094 1312 4135 servare
1326 4075 1520 4152 disciplinam

345 4175 501 4234 civitatis.
523 4208 562 4216 -
585 4172 739 4230 Similiter
759 4175 887 4248 ponitur
901 4175 932 4230 in
949 4171 1058 4232 officiis
1073 4175 1188 4232 caritas
1203 4178 1320 4250 mutua,
1335 4173 1520 4250 benignitas,
