3200 4890
304 311 359 370 384

305 441 395 510 xime
418 441 455 508 in
478 439 616 506 clericos
639 439 723 508 ferti
760 439 853 506 valet
874 447 908 506 et
931 461 1076 526 quorum
1098 445 1284 525 proventus
1306 437 1373 524 piis
1397 436 1475 502 locis

307 549 534 640 applicantur,
558 548 595 614 in
616 570 776 636 praesens
799 547 949 614 moribus
970 547 1207 614 obsoleverunt
1228 552 1240 630 (
1264 550 1285 626 ).

395 657 471 726 219.
496 655 628 722 Poenae
651 653 846 741 spirituales
868 663 949 722 sunt
971 654 1116 742 duplicis
1139 651 1273 740 speciei,
1289 651 1378 719 aliae
1394 672 1476 736 quae

305 759 407 832 simul
431 783 602 844 censurae,
626 769 661 826 et
684 759 769 826 aliae
792 759 995 847 simpliciter
1017 759 1220 848 spirituales.
1303 759 1306 764 ’

396 870 555 936 riensurac
579 866 802 934 definiuntur:
825 869 953 934 Poenae
976 869 1161 956 spirituales
1183 867 1390 934 medicinales
1422 884 1477 950 per

303 999 385 1066 quas
406 977 526 1042 homini
549 975 706 1061 baptizato
740 975 933 1062 delinquenti
967 983 998 1040 ct
1030 977 1212 1068 maturiori
1247 975 1402 1062 aufertur
1438 971 1474 1073 qh
1561 1005 1562 1076 ,

305 1086 451 1153 Ecclesia
474 1107 551 1150 usus
573 1083 788 1172 quorumdam
812 1084 966 1148 bonorum
989 1083 1212 1170 spiritualium
1235 1083 1333 1150 donec
1361 1102 1386 1146 a
1408 1098 1475 1144 con-

306 1195 449 1260 tumacia
471 1193 637 1258 recesserit
658 1193 717 1278 (2).

395 1299 628 1365 Numerantur
651 1305 720 1362 tres
745 1318 915 1362 censuras:

395 1404 771 1478 Excommunicetio
800 1425 887 1489 quae
920 1412 967 1470 cst
988 1425 1123 1470 censura
1146 1426 1210 1491 qua
1232 1405 1305 1492 quis
1319 1407 1476 1492 privatur
1562 1413 1563 1416 ’

304 1516 520 1584 communioris
542 1513 714 1578 Ecclesiae.

311 1678 313 1682 .
396 1619 619 1707 Suspensio
644 1640 730 1704 quae
753 1626 800 1683 est
820 1639 957 1684 censura
988 1641 1054 1706 qun
1077 1620 1212 1685 clericus
1228 1621 1387 1706 pmoctar
1419 1641 1477 1684 usu

300 1731 466 1816 potcstatis
489 1727 719 1793 ecclesiasticae
742 1727 804 1808 (3).
1181 1803 1185 1811 ⁸
1230 1797 1235 1810 ι

394 1833 660 1902 Interdictum
684 1832 774 1917 quod
797 1841 844 1898 est
864 1854 999 1899 masura
1021 1855 1086 1920 qua
1103 1834 1290 1920 prohibetur
1313 1855 1394 1899 usus
1427 1835 1473 1898 di·

305 1945 454 2008 uinorum
476 1942 661 2027 officiorum,
696 1941 880 2026 aliquorum
914 1947 1190 2005 sacramentorum
1225 1940 1342 2022 (Eacla
1382 1943 1475 2006 Eua.

312 2051 401 2118 Unci.
430 2049 562 2114 Ordinis
585 2048 694 2129 Sacri)
718 2055 749 2111 et
769 2047 953 2132 sepulturae
975 2047 1204 2112 ecclesiasticas
1225 2047 1283 2129 (4).

378 2245 418 2314 (1)
438 2243 499 2298 Gir.
521 2246 609 2312 Leqa,
630 2243 648 2296 l.
660 2261 684 2297 c.
698 2261 725 2298 n.
741 2243 801 2312 1703
821 2244 862 2297 M.
879 2243 1032 2332 ileLuca,
1053 2242 1071 2294 l.
1086 2259 1110 2296 c.
1123 2242 1171 2296 tit.
1190 2241 1276 2308 VHI,
1291 2261 1319 2298 n.
1331 2244 1380 2309 41,
1398 2259 1475 2311 seqq.

374 2350 416 2423 (2)
438 2353 480 2406 De
497 2351 634 2405 censuris
651 2351 719 2404 vide
731 2351 810 2422 apud
821 2347 1002 2420 Theologos.
1014 2348 1076 2403 Cir.
1094 2336 1363 2416 Fiscellu.vol.ll1,
1377 2358 1413 2404 tr.
1427 2348 1474 2402 Vl.

374 2460 413 2527 (3)
433 2458 606 2526 Singularis
626 2459 772 2530 quaedam
793 2457 1004 2524 suspensionis
1023 2457 1141 2527 species
1163 2467 1208 2512 est
1229 2457 1283 2511 illa
1302 2474 1383 2529 quae
1405 2456 1473 2510 dici·

303 2557 352 2604 tur
372 2571 387 2600 c
408 2566 444 2604 ecc
462 2549 630 2616 informata
649 2552 857 2604 collactentia»
884 2563 943 2619 qua
963 2547 1105 2602 nimirum
1126 2547 1296 2618 Episcopus
1316 2565 1354 2601 ex
1378 2547 1473 2601 causis

304 2638 335 2692 in
356 2655 411 2692 sua
431 2637 620 2692 conscientia
636 2637 797 2707 perpensis
817 2635 960 2690 clericum
981 2635 1257 2690 extraiudioialiter
1271 2637 1309 2689 ob
1323 2637 1471 2690 occultum
1566 2635 1567 2646 ¹

304 2727 427 2793 crimen,
448 2737 529 2780 arcet
551 2727 597 2780 vel
617 2725 656 2780 ab
682 2725 842 2779 ordinibus
863 2725 1079 2797 suscipiendis,
1100 2725 1148 2780 vel
1181 2725 1267 2779 illuni
1301 2726 1340 2778 ab
1364 2723 1470 2779 ordini·

305 2816 361 2870 bus
381 2817 532 2886 susceptis
562 2825 590 2870 st
620 2815 728 2870 officiis
761 2815 929 2886 suspendit.
963 2838 977 2867 «
1010 2815 1085 2870 Cum
1117 2815 1276 2870 honestius
1310 2833 1346 2870 ac
1372 2816 1471 2878 tutius,

303 2905 348 2958 ait
367 2906 449 2958 Trid.
469 2923 544 2959 sess.
564 2905 647 2968 XIV,
669 2906 693 2975 1,
714 2905 750 2958 de
771 2905 834 2972 ref,
853 2906 894 2958 ait
915 2903 1053 2958 subiecto
1073 2904 1206 2982 debitam
1234 2905 1427 2978 Praepositie
1445 2923 1470 2956 o·

305 2993 492 3048 bedientiam
522 2995 732 3065 impendendo,
762 2995 792 3048 in
819 2993 958 3047 inferiori
992 2993 1164 3048 ministerio
1189 2993 1354 3061 deservire,
1377 2995 1467 3066 quam*

305 3100 373 3137 cum
394 3084 641 3152 Praepositorum
662 3083 816 3152 scandalo,
846 3084 995 3153 graduum
1015 3083 1320 3154 altiorum'appetere
1341 3085 1468 3154 dignita·

303 3179 377 3242 tem,·
396 3173 423 3225 ei
444 3177 492 3224 nui
512 3189 656 3226 assensus
677 3171 714 3225 ad
728 3188 831 3226 sacros
851 3173 974 3228 ordines
994 3191 1012 3226 a
1031 3189 1086 3226 suo
1107 3171 1257 3237 Praelata,
1277 3189 1316 3225 ex
1335 3189 1469 3242 quacum·

303 3279 360 3333 que
382 3278 482 3326 causa,
504 3261 597 3314 etiam
616 3261 655 3315 ob
675 3262 826 3316 occultum
846 3261 969 3330 crimen,
999 3261 1234 3332 quomodolibet,
1263 3261 1357 3315 etiam
1380 3271 1468 3316 extra·

303 3350 502 3419 iudicialiter,
522 3349 615 3404 fuerit
645 3351 837 3420 interdictus;
856 3357 908 3406 aut
928 3351 979 3422 qui
1000 3367 1018 3404 a
1037 3350 1102 3404 suis
1121 3349 1281 3404 ordinibus
1300 3367 1355 3404 seu
1377 3349 1468 3422 gradi·

303 3439 369 3504 bus,
390 3439 437 3492 vel
458 3436 665 3508 dignitatibus
696 3439 919 3494 ecclesiasticis
951 3439 1044 3494 fuerit
1069 3455 1243 3510 suspensus,
1264 3439 1350 3494 nulls
1371 3447 1468 3494 contra

303 3529 401 3600 ipsius
430 3529 565 3583 Praelati
597 3529 785 3584 voluntatem
811 3547 957 3584 concessa
985 3529 1112 3584 licentia
1131 3529 1168 3583 de
1188 3547 1221 3584 se
1241 3532 1411 3601 promoveri
1431 3529 1444 3584 f
1459 3556 1466 3566 ·

302 3619 419 3686 ciendo,
440 3618 549 3672 autad
569 3617 685 3689 priores
705 3619 828 3674 ordines
848 3620 962 3688 gradus
995 3627 1025 3674 et
1051 3619 1228 3688 dignitates,
1248 3619 1313 3674 sive
1335 3621 1466 3683 honores,

302 3709 493 3764 restituendo
513 3699 702 3778 suffragetur'
718 3726 734 3758 a
753 3706 816 3762 Nec
837 3717 958 3764 tenetur
977 3710 1146 3780 Episcopus
1166 3725 1288 3764 causam
1302 3709 1467 3781 suspensio·

302 3797 351 3852 nis
372 3797 496 3851 subdito
515 3798 660 3852 revelare.
681 3796 799 3852 Poterit
818 3806 920 3855 tamen
934 3799 1077 3856 subditus
1091 3799 1132 3852 ad·
1144 3799 1250 3854 Sedsm
1265 3801 1467 3870 Apostolicam

303 3903 458 3941 recurrere
478 3886 525 3940 cui
547 3887 718 3957 Episcopus
738 3889 895 3944 tenebitur
914 3907 1037 3944 caueam
1056 3888 1266 3946 revelareilt'r.
1291 3891 1425 3954 mustra,
1450 3886 1468 3940 l·

302 3993 328 4030 o.
351 3994 378 4030 n.
400 3976 460 4043 104;
479 3979 614 4046 Aichncr,
635 3973 654 4050 ξ
672 3977 775 4046 stade
794 3981 1016 4045 Pierantonelli,
1037 3995 1083 4050 op.
1102 3977 1154 4034 cit.
1172 3977 1220 4033 tit.
1241 3978 1312 4044 VII,
1332 3997 1363 4051 p.
1381 3981 1429 4034 23l
1442 3993 1465 4029 e·

303 4081 395 4136 seqq.;
411 4067 572 4132 Pallottini,
594 4067 637 4120 De
656 4067 780 4137 Amyclis,
801 4068 901 4135 Santi,
932 4071 1012 4138 Lapa
1032 4073 1088 4122 etc.
1109 4085 1163 4122 nec
1183 4085 1243 4122 non
1263 4085 1366 4140 opusc·
1380 4089 1397 4121 «
1411 4066 1466 4121 L'o·

302 4153 403 4223 rigine
425 4171 440 4206 e
461 4153 586 4224 l'equiti
606 4153 685 4208 delle
706 4155 898 4225 sospensioni
921 4173 958 4212 em
975 4157 1142 4225 informata
1161 4161 1340 4236 conscicntia
1362 4179 1389 4215 ›.

374 4259 414 4330 (4)
432 4259 601 4316 interdicto
629 4261 729 4317 affinis
757 4273 803 4317 est
831 4269 952 4320 cessatio
980 4281 1000 4320 a
1018 4267 1127 4321 diuinis
1144 4281 1221 4336 quae
1240 4271 1289 4320 est
1305 4268 1456 4336 pronitus
