3200 4890
283 327 347 407 'mo

291 480 367 537 riori
389 476 529 554 generali
550 473 754 534 manifestare
767 463 1148 550 teneamus-Superiores
1162 463 1236 533 tero
1247 467 1468 532 denuntiantis

292 581 405 634 nomen
426 582 579 634 secretum
601 575 769 634 retineant.
794 579 797 584 '
1080 584 1083 592 ’
1233 567 1253 586 ·’

373 673 418 732 II.
436 673 540 748 'Prope
565 673 733 730 terminum
754 659 903 746 cuiusque
924 663 1093 729 trimestris
1109 663 1293 728 Novitia'tus
1315 659 1467 744 Magister

293 769 491 829 Novitiorum
511 769 700 828 Provinciali
714 769 761 828 'de
782 767 895 845 agendi
907 771 1028 826 ratione
1043 770 1190 842 cuiusque
1206 765 1330 826 Novitii
1353 768 1468 842 scripte

292 859 445 928 referat*
795 860 797 865 ¹

373 965 437 1025 ΠΙ.
458 965 587 1024 Duobus
601 954 759 1024 mensibus
774 970 848 1022 ante
863 961 1091 1040 professionem,
1101 959 1310 1022 Prouincialis
1332 963 1402 1020 sive
1414 977 1469 1037 per

293 1084 336 1141 se,
345 1067 411 1122 sive
420 1063 578 1140 paralium
590 1063 734 1122 idoneum
747 1061 941 1138 Religiosum
952 1061 1013 1118 sibi
1025 1061 1209 1120 benevisum
1221 1060 1344 1119 Neritii
1362 1060 1467 1118 volun·-

292 1168 391 1220 tatem
405 1161 574 1238 diligenter
595 1159 736 1236 exploret
757 1153 797 1216 an
816 1148 948 1232 coactus,
961 1167 1007 1216 'an
1036 1158 1183 1219 seductus
1205 1160 1257 1235 sit,
1278 1177 1339 1233 quo
1353 1159 1467 1234 spiritu

291 1261 330 1319 ad
344 1266 461 1320 statum
483 1259 662 1334 religiosum
683 1258 805 1334 ductus,
827 1277 867 1315 an
889 1259 968 1315 sciat
989 1255 1064 1332 quil
1087 1263 1170 1334 agat,
1193 1276 1233 1314 an
1256 1255 1464 1330 obligationes

292 1364 394 1416 status
415 1357 564 1434 religiosi,
593 1363 626 1415 et
658 1355 784 1433 regulae
816 1361 972 1432 agnoscat:
1002 1355 1128 1414 decreto
1149 1353 1257 1412 audiat
1279 1363 1346 1412 tum
1370 1353 1467 1429 Magi·

292 1462 392 1514 strum
415 1455 622 1531 Novitiorum,
646 1461 711 1513 tum
734 1454 887 1530 Novitios,
909 1473 1048 1514 necnon
1069 1453 1245 1528 Religiosos
1266 1455 1364 1510 etiam
1388 1451 1467 1510 Ocn-

290 1571 398 1611 versos
420 1551 600 1611 Conventus¹
630 1570 685 1610 seu
707 1551 823 1610 Domus
845 1552 1027 1612 Novitiatus
1048 1553 1130 1610 circa
1152 1549 1316 1608 Novitium
1337 1550 1375 1606 ad
1400 1569 1467 1626 pro

292 1651 460 1710 sessionem
481 1651 718 1710 admittendum.
741 1649 809 1725 Quo
830 1649 914 1709 facto
935 1650 1078 1728 Capitulo
1094 1649 1305 1710 Conventuale
1327 1649 1466 1708 eiusdem

293 1749 481 1826 Conventus,
504 1767 558 1807 seu
579 1749 696 1807 Domus
717 1755 873 1826 convocet,
888 1755 925 1807 ut
939 1748 1136 1825 Capitulares
1151 1767 1207 1824 per
1221 1753 1342 1806 secreta
1354 1746 1465 1806 suffra-

291 1851 343 1923 gia
357 1847 517 1906 declarent
542 1867 581 1904 an
609 1846 757 1906 Novitius
778 1846 818 1904 ad
843 1845 1068 1922 professionem
1089 1845 1216 1904 admitti
1237 1847 1347 1920 possit.
1371 1845 1465 1904 Dein-

292 1966 363 2023 ceps
387 1949 521 2004 omnium
555 1954 691 2004 actorum
717 1953 750 2004 et
783 1944 1007 2004 resultantium
1029 1946 1212 2005 relationem
1225 1947 1341 2020 scripto
1353 1965 1465 2003 exara-

292 2052 356 2103 tam
378 2047 503 2120 propria
525 2064 617 2102 mann
639 2044 825 2121 subscribat,
847 2045 921 2118 quin
948 2050 1051 2102 tamen
1075 2063 1136 2120 eos,
1157 2046 1212 2118 qui
1233 2047 1352 2101 secreto
1376 2043 1465 2120 depo-

292 2147 423 2220 suerint,
445 2142 615 2213 ullomodo
637 2145 670 2200 in
688 2142 812 2217 aliquoi
833 2142 1001 2200 discrimen
1024 2141 1167 2200 adducat.

372 2241 429 2301 IV.
451 2240 638 2298 Huiusmodi
660 2240 842 2316 relationem
865 2239 1071 2298 Provincialis
1086 2240 1195 2298 tribus
1216 2239 1326 2304 saltem
1341 2238 1465 2298 Exaini-

294 2339 456 2398 natoribus
492 2337 751 2413 Provincialibus,
783 2339 997 2414 communicet,
1023 2327 1055 2394 et
1086 2335 1227 2418 condicto
1247 2335 1298 2393 die
1319 2343 1466 2396 convocet

291 2435 450 2514 praefatos
482 2435 720 2492 Examinatores
742 2441 774 2492 et
789 2434 985 2492 Novitiorum
1002 2433 1199 2509 Magistrum,
1216 2438 1248 2490 et
1263 2435 1416 2508 praestito
1430 2434 1464 2492 ab

292 2535 433 2592 omnibus
445 2535 588 2608 superius
603 2522 767 2590 enunciato
782 2519 966 2608 iuramenta,
979 2531 1131 2606 Magister
1139 2530 1335 2588 Novitiorum
1347 2530 1464 2590 referat

291 2632 330 2690 de
346 2631 467 2689 Novitii
482 2629 595 2704 agendi
617 2632 737 2686 ratione
767 2631 800 2686 in
823 2615 988 2687 Novitiatu
1010 2633 1144 2704 servata,
1165 2627 1204 2685 de
1226 2630 1293 2685 eius
1307 2627 1463 2704 libertam,

292 2732 452 2790 vocatione
465 2735 497 2786 et
518 2727 689 2785 idoneitate
703 2727 742 2784 ad
757 2733 874 2785 statum
886 2727 1076 2803 religiosum,
1088 2734 1121 2784 et
1131 2724 1270 2783 declaret
1283 2731 1388 2782 utrum
1400 2727 1463 2800 ipse

291 2833 324 2888 in
339 2827 469 2885 Domino
491 2827 652 2884 existimet
663 2825 825 2884 Novitium
840 2826 879 2882 ad
894 2823 1118 2900 professionem
1135 2829 1203 2882 tuto
1225 2823 1350 2881 admitti
1365 2829 1464 2899 posse.

293 2926 325 2984 Si
349 2944 420 2982 vero
441 2924 594 2998 Magister
616 2922 813 2980 Novitiorum
844 2922 894 2980 vel
927 2924 1047 2980 ratione
1068 2921 1249 2997 distantiae,
1272 2920 1320 2978 vel
1343 2920 1406 2979 alia
1428 2922 1465 2980 le·

291 3025 402 3098 gitima
437 3039 529 3078 causa
564 3019 603 3078 ad
637 3020 735 3078 locum
771 3020 916 3078 scrutinii
945 3018 1100 3076 commode
1132 3016 1278 3076 accedere
1313 3025 1465 3096 nequeat,

292 3123 489 3178 transmittat
515 3137 608 3194 super
628 3119 809 3192 praemissis
831 3117 1014 3175 relationem
1037 3115 1228 3192 inscriptis,
1251 3115 1398 3190 illamque
1419 3119 1466 3174 iu-

291 3203 431 3274 ramento
453 3213 623 3291 confirmet,
645 3224 678 3272 et
698 3216 822 3290 propria
843 3233 935 3272 manu
946 3281 947 3286 ἵ
959 3212 1145 3272 subscribat.
1156 3212 1364 3270 Provincialis
1379 3213 1466 3270 dein-

291 3333 364 3390 ceps
385 3320 416 3372 et
438 3313 676 3370 Examinatores
697 3330 753 3386 per
775 3317 894 3369 secreta
916 3309 1067 3386 suffragia
1081 3309 1235 3368 definiant
1256 3329 1295 3368 an
1319 3309 1465 3368 Novitius

291 3413 476 3470 necessariis
498 3409 624 3466 dotibus
646 3407 809 3484 praeditus
831 3409 882 3481 sit,
897 3413 933 3466 ut
948 3407 988 3465 ad
1002 3406 1228 3484 professionem
1251 3411 1319 3464 tuto
1340 3407 1465 3464 admitti

291 3512 400 3585 possit,
422 3527 515 3584 super
546 3526 605 3582 quo
634 3526 739 3564 eorum
771 3509 961 3564 conscientia
983 3509 1126 3582 graviter
1147 3511 1274 3564 onerata
1296 3511 1464 3564 remaneat.

370 3605 410 3664 V.
433 3603 467 3662 Si
489 3603 635 3662 Novitius
656 3603 803 3679 probatus
835 3604 943 3675 fuerit,
965 3601 1172 3660 Provincialis
1193 3601 1231 3659 de
1254 3601 1397 3659 omnibus
1418 3603 1466 3658 in-

292 3709 446 3761 structum
468 3701 579 3760 reddat
602 3701 797 3777 Superiorem
819 3699 1007 3777 generalem,
1023 3702 1075 3774 qui
1094 3700 1295 3757 ulterioribus
1316 3696 1465 3756 informa-

292 3801 439 3878 tionibus,
461 3809 613 3876 quatenus
636 3799 844 3858 necessarium
866 3797 1062 3873 iudicaverit,
1078 3797 1248 3874 requisitis,
1270 3797 1466 3873 approbatio-

258 3898 260 3904 '
291 3917 361 3958 nem
390 3905 527 3978 revocet,
561 3897 610 3954 vel
632 3894 802 3972 confirmet,
834 3903 927 3972 prout
951 3897 984 3952 in
1006 3893 1137 3968 Domino
1172 3891 1369 3968 iudicaverit,
1391 3893 1465 3966 quin

291 4003 396 4054 tamen
424 4013 558 4068 unquam
586 3996 768 4070 permittere
799 3995 899 4069 possit
922 3990 1145 4068 professionem
1176 3989 1309 4065 Novitii,
1342 3992 1396 4064 qui
1428 3987 1466 4046 ab

291 4091 565 4153 Examinatoribus
587 4090 830 4166 provincialibus
851 4089 1035 4166 reprobatus
1056 4086 1164 4147 fuerit.

371 4173 428 4248 VI.
451 4187 490 4245 In
522 4177 562 4245 iis
594 4186 768 4264 Institutis,
790 4188 823 4243 in
856 4185 971 4260 quibus
996 4182 1210 4243 Provinciales
1230 4201 1293 4241 non
1314 4183 1467 4260 existunt,
