3266 4896
1261 337 1318 390 109

140 461 244 528 vertit
283 460 528 546 quodammodo
562 459 673 546 ipsam
717 459 994 537 constitutionem
1038 461 1211 562 Ecclesiae
1259 484 1312 527 su·

139 566 348 636 bordinando
382 571 588 652 potestatem¹
619 564 882 632 ecclesiasticam
916 564 1021 650 civili,
1061 573 1096 630 et
1118 588 1312 651 supremam

139 673 377 741 auctoritatem
410 669 640 758 legislativum
674 670 889 758 principibus
927 671 1156 738 saecularibus
1195 695 1312 738 conee-

139 781 256 846 dende.

227 887 329 954 Cone.
361 887 557 952 Vaticanum
580 888 626 968 (1)
649 884 699 952 ita
722 887 765 951 R.
790 886 905 952 Placet
928 885 1148 972 proscripsit:
1175 913 1193 947 a
1210 887 1319 952 Dum--

138 1018 257 1061 namus
279 1017 318 1058 ac
341 992 561 1078 reprobamus
583 991 721 1058 illorum
743 991 928 1059 sententias
945 992 1005 1080 qui
1020 993 1164 1060 liberam
1187 993 1311 1079 Supre-

138 1102 185 1168 mi
209 1101 339 1187 Capitis
373 1122 451 1166 eum
485 1099 679 1184 pastoribus
714 1107 748 1165 et
771 1100 934 1186 gregibus
971 1100 1319 1167 communicationem.

139 1208 230 1275 licite
252 1206 413 1294 impediri
435 1229 532 1293 posse
555 1207 684 1293 dicunt,
718 1215 779 1274 aut
801 1208 954 1274 eamdem
978 1207 1126 1272 reddunt
1149 1206 1313 1273 saeculari
1425 1215 1427 1220 '

138 1314 298 1403 potestati
322 1313 513 1397 obnoxiam,
536 1311 587 1379 ita
610 1321 649 1378 ut
680 1314 886 1380 contendant
920 1335 1006 1398 quae
1037 1313 1080 1378 ab
1115 1312 1314 1398 Apostolica

139 1422 223 1488 Sede
245 1422 301 1487 vel
323 1419 395 1486 eius
418 1419 621 1486 auctoritate
652 1422 695 1487 ad
718 1419 872 1506 regimen
895 1419 1068 1486 Ecclesiae
1103 1419 1314 1486 constituun-

138 1536 205 1614 tur,
231 1529 302 1596 vim
336 1551 375 1594 ae
399 1529 550 1594 valorem
584 1551 651 1594 non
690 1529 813 1594 habere
836 1527 902 1594 nisi
925 1527 1104 1614 potestatis
1129 1527 1319 1594 saecularis-

138 1637 270 1700 Plocc'to
293 1635 536 1700 confirmentur
559 1659 589 1700 ι.

683 1907 704 1983 ξ
726 1903 774 1968 II.

431 2045 471 2096 De
491 2045 686 2110 appellatione
705 2054 849 2110 tamquam
868 2049 903 2096 ab
922 2049 1022 2098 abusu.

232 2242 305 2304 122.
342 2237 540 2324 Appellatio
578 2236 716 2322 proprie
750 2237 851 2324 dicta,
891 2247 930 2304 ut
965 2237 1154 2304 videbimus
1178 2237 1215 2303 in
1239 2237 1319 2302 iurs

138 2347 287 2434 privato,
303 2353 356 2412 est
371 2345 561 2432 generatim
576 2343 773 2431 provocatio
788 2346 831 2411 ab
853 2345 1016 2413 inferiore
1040 2346 1082 2411 ad
1104 2344 1315 2431 superiorem

137 2453 287 2520 iudicem
322 2453 453 2519 ratione
487 2451 697 2538 gravaminis
727 2451 815 2518 illati
850 2455 905 2520 vel
927 2452 1107 2535 inferendi;
1131 2461 1166 2518 st
1187 2452 1315 2539 duplex

138 2583 211 2626 esse
233 2567 354 2646 potest,
379 2557 550 2626 iudicialis
584 2560 638 2625 vel
663 2557 932 2626 extraiudjeialis
966 2567 1071 2647 prout
1104 2560 1146 2625 ab
1182 2558 1320 2624 actibus

137 2665 358 2736 iudicialibus
381 2667 437 2732 vel
459 2664 776 2732 extraiudicialibus
796 2667 1000 2752 appellatur.

229 2772 427 2864 Appellatio
460 2771 535 2837 fieri
571 2779 683 2857 potest
717 2795 737 2837 a
775 2771 942 2838 sententia
977 2775 1095 2859 iniqua
1129 2793 1215 2857 quae
1252 2771 1314 2836 sei-

139 2879 221 2946 licet
256 2878 327 2946 lata
360 2889 412 2944 est
450 2903 469 2945 a
508 2886 720 2965 competente
755 2879 957 2946 auctoritate
993 2889 1027 2946 et
1066 2887 1200 2946 servato
1230 2877 1321 2943 iuris

138 2987 256 3054 ordine
279 2987 337 3052 sed
361 2987 458 3072 male⁷
483 2987 602 3052 saltem
626 2985 724 3051 iuxta
747 2985 1016 3053 aestimationem
1031 2985 1255 3074 appellantis;
1280 2992 1317 3050 et
1383 2997 1387 3003 '

137 3119 158 3162 a
182 3095 349 3162 sententia
383 3097 510 3161 iniusto
543 3116 629 3178 quae
664 3093 734 3160 lata
769 3101 819 3158 est
853 3095 896 3160 ab
919 3095 1123 3160 aucuiritate
1146 3093 1315 3179 incompe-

138 3210 232 3269 tente
255 3204 310 3268 vel
333 3203 456 3288 spretis
479 3201 750 3268 solemnitatibus
773 3201 871 3286 iuris,
895 3203 946 3267 vel
970 3201 1074 3268 etiam
1091 3201 1119 3268 si
1136 3201 1322 3266 manifeste

137 3309 185 3378 sit
207 3309 335 3395 iniqua,
361 3309 490 3374 scilicet
512 3307 693 3374 manifeste
716 3315 834 3374 contra
857 3308 942 3394 legis
970 3308 1236 3394 dispositionem.

247 3522 333 3578 XIV.
352 3521 521 3578 Clementis
541 3520 631 3588 XIII,
652 3542 667 3574 «
688 3525 851 3594 Postquam
870 3525 954 3578 nobis
973 3540 997 3589 »‚
1019 3524 1052 3577 15
1072 3522 1137 3576 Ian.
1159 3521 1239 3576 1763.

266 3610 332 3666 XV.
352 3609 509 3680 Eiusdem,
528 3631 544 3662 «
567 3613 614 3666 Ea
635 3615 676 3666 cst
694 3613 731 3666 dc
750 3615 800 3666 tuo
819 3629 843 3677 »,
866 3613 899 3666 15
918 3610 985 3666 Ian.
1006 3613 1084 3666 1763.

247 3699 333 3755 XVI.
351 3697 508 3766 Eiusdem,
530 3721 545 3752 a
567 3703 724 3756 Pateretur
744 3719 757 3751 ›
778 3703 813 3754 25
836 3701 901 3756 lun.
921 3702 999 3757 1766,
1089 3770 1094 3774 ᾗ

230 3787 333 3844 XVII.
353 3789 509 3856 Eiusdem,
530 3809 545 3840 c
567 3791 663 3853 Quum
682 3789 1000 3860 praviter»,251un.
1023 3791 1102 3846 1766.

211 3877 333 3934 XVIII.
352 3877 507 3944 Eiusdem,
528 3899 543 3930 «
563 3880 647 3933 Alias
667 3881 709 3934 ad
728 3883 916 3946 apostolatus
935 3897 962 3949 »,
983 3864 1018 3933 10
1035 3878 1100 3934 Ian.
1121 3878 1199 3934 1768.

248 3967 336 4023 XIX.
356 3967 432 4022 Pius
446 3967 504 4034 lx,
522 3986 538 4019 c
551 3969 739 4035 apostoticae
751 3969 837 4022 sedo
850 3987 874 4034 »‚
894 3970 929 4022 22
942 3970 1022 4038 Aug.
1037 3969 1104 4022 1851
1119 3983 1179 4038 qua
1194 3967 1322 4021 damna

138 4063 189 4112 tur
200 4073 277 4127 opus
295 4059 381 4113 Ioco.
394 4059 548 4126 Ncpouuc.
561 4060 672 4127 Nupta,
686 4055 763 4112 lust.
775 4056 851 4112 luris
866 4058 940 4114 eccl.
951 4056 1015 4113 Ofr.
1031 4058 1190 4129 Occupato,
1206 4073 1252 4128 op.
1265 4055 1322 4112 cit„

137 4147 180 4217 ΙΙ,
202 4163 231 4204 n.
249 4148 294 4204 25.

209 4255 256 4329 (1)
280 4256 385 4311 Const.
411 4277 426 4306 «
448 4259 554 4314 Pastor
572 4261 711 4312 aeternus
731 4274 755 4323 »,
775 4273 839 4327 cap,
857 4257 918 4312 III.
