3234 4902
1314 301 1331 354 9

246 452 282 532 b)
311 453 455 516 Decreta
481 449 704 516 Conciliorcm
740 447 955 514 Generaliter
991 445 1044 511 vel
1068 444 1330 510 Particularium

132 633 134 637 ,
155 581 241 647 quae
255 581 297 624 ex
313 556 513 624 auctoritate
536 555 579 621 R.
593 553 796 620 Pontificum
812 559 950 618 extensa
974 553 1043 617 sint
1066 552 1108 618 ad
1131 551 1330 618 universum

155 667 269 736 orbem
293 667 349 749 (l).

157 915 215 970 beo
234 930 293 984 quo
313 911 512 982 insiguuutur
530 911 678 982 quaedam
711 909 959 964 constitutiones
986 907 1171 981 pontificiae,
1191 907 1272 978 quod
1292 905 1330 960 si·

157 1002 266 1074 gilium
285 1018 322 1056 ex
341 999 479 1054 funiculo
511 1000 609 1058 serico
639 1015 692 1052 seu
712 997 884 1052 cannabino
905 1014 942 1052 ex
962 1013 1147 1068 pergamena
1167 995 1329 1066 dependet,

156 1100 187 1150 et
205 1111 266 1147 una
285 1110 322 1146 ex
341 1097 427 1162 parte
447 1089 598 1160 imagines
629 1083 733 1144 exibet
762 1089 812 1144 SS.
833 1088 1050 1158 Apostolorum
1071 1085 1158 1142 Petri
1177 1091 1208 1142 et
1228 1084 1328 1151 Pauli,

156 1201 194 1238 ex
225 1183 323 1236 altera
355 1178 497 1235 Pontifici
518 1195 638 1233 nornen.
669 1207 702 1218 -
723 1176 955 1246 cfrsrerrarrs,
983 1176 1178 1232 Bibliotheca
1208 1192 1274 1229 cen.
1302 1189 1331 1230 v.

156 1271 256 1328 Bulla.
275 1301 309 1310 —
328 1269 429 1324 Hodie
457 1285 527 1324 vero
560 1286 597 1323 ex
617 1267 739 1322 decreto
763 1266 792 1322 S.
813 1267 846 1320 P.
867 1270 973 1324 Leonis
993 1268 1085 1333 XIII,
1104 1267 1140 1320 29
1159 1265 1231 1320 Dec.
1251 1263 1329 1330 1878,

155 1362 230 1416 haec
259 1361 399 1432 plumbea
427 1357 612 1415 numismata
643 1373 704 1411 una
723 1375 792 1412 cum
823 1356 956 1411 adiectis
985 1355 1119 1412 cordulis
1151 1353 1276 1410 nonnisi
1297 1353 1329 1408 in

154 1451 256 1507 Burris
275 1450 399 1505 maioris
417 1448 562 1504 momenti
581 1449 773 1504 retinentur:
802 1447 833 1502 in
854 1447 954 1502 Bullia
968 1445 1096 1501 minoris
1116 1443 1261 1500 momenti
1281 1460 1329 1518 su·¹

156 1541 298 1598 stituitur
326 1539 486 1610 impressio
518 1539 616 1609 sigilli
637 1537 722 1593 rubri
753 1538 864 1592 coloris
885 1554 951 1592 cum
972 1536 1162 1606 imaginibus
1181 1534 1232 1592 SS.
1251 1537 1329 1606 Apo·

156 1631 303 1686 stolorum
324 1629 408 1683 Petri
429 1636 460 1683 et
480 1627 569 1682 Pauli
590 1635 620 1683 et
640 1627 900 1703 superscriptione
920 1626 1054 1680 nominis
1073 1626 1243 1682 Pontifiois.

228 1721 318 1774 Breve
334 1739 347 1768 e
361 1717 437 1772 illud
449 1717 562 1772 (licitur
580 1717 634 1772 ubi
650 1735 708 1771 non
723 1718 887 1789 apponitur
907 1715 1048 1786 sigillum
1070 1716 1254 1788 plumbeum,
1275 1719 1329 1774 sed

155 1810 187 1865 in
208 1807 382 1878 eoeignnm
401 1805 436 1862 fit
456 1824 494 1862 ex
512 1825 581 1861 cera
600 1807 700 1875 rubra,
721 1823 789 1861 curn
810 1806 916 1876 sigillo
941 1805 1071 1877 quodam
1103 1807 1183 1877 qaod
1215 1807 1329 1864 dicitnr

154 1901 273 1954 Anulus
300 1899 459 1952 Piscatores
462 1936 505 1952 .....
531 1895 712 1967 Diciturque
740 1895 831 1950 breve
861 1895 948 1966 quasi
981 1895 1061 1968 quod
1088 1895 1132 1950 ibi
1153 1897 1326 1952 summatim

154 1985 336 2042 rescribitur
367 1992 399 2040 et
418 1985 611 2043 brevioribus
630 1984 734 2040 verbis
754 2001 843 2058 quarn
865 1985 896 2040 in
920 1985 1021 2053 bullis,
1044 1986 1073 2038 in
1095 1986 1208 2056 quibus
1228 1987 1327 2058 magis

154 2075 313 2148 pontificia
332 2068 470 2144 dignitas
489 2073 660 2144 explicatur
680 2080 771 2145 atque
791 2073 926 2144 longiori
946 2091 1094 2130 sermone.
1114 2075 1328 2131 DiciturAnu-

154 2165 203 2220 lus
223 2164 393 2218 Piscatoris
413 2163 466 2218 ille
486 2181 545 2236 quo
564 2164 728 2234 signantur
750 2163 862 2230 brevia,
884 2164 956 2235 quie
975 2163 1158 2236 simpliciter
1188 2182 1222 2218 eo
1251 2181 1327 2220 usus

153 2253 252 2308 fuisse
271 2254 306 2308 B.
326 2253 437 2307 Petrus
466 2252 580 2321 fertnr3
612 2253 807 2323 continetque
835 2253 1003 2322 imaginem
1022 2253 1058 2308 B.
1080 2253 1165 2308 Petri
1186 2272 1221 2308 eo
1239 2253 1327 2308 modo

153 2361 214 2417 quo
234 2362 250 2398 e
271 2343 411 2398 navicula
431 2342 461 2396 in
482 2342 557 2396 mari
572 2341 747 2413 piscabatur
762 2363 787 2398 υ,
807 2341 896 2397 Gard.
916 2345 1015 2406 Petra,
1042 2343 1269 2398 Commentario
1289 2344 1327 2398 ad

154 2427 401 2492 Constitutiones
432 2433 635 2503 Apostolicas‚
662 2440 738 2488 tom.
761 2433 784 2498 Ι,
806 2450 833 2502 p.
851 2433 877 2487 t.

227 2523 316 2577 Aliae
336 2521 573 2577 constitutiones
593 2523 745 2576 dicuntur.
1138 2572 1140 2577 .

227 2615 351 2668 Decreta
370 2611 396 2667 si
417 2610 447 2665 in
469 2611 509 2665 iis
529 2609 613 2681 Papa
633 2619 716 2666 motu
741 2612 862 2682 proprio
884 2611 949 2666 sive
970 2612 1063 2678 solus,
1092 2611 1158 2666 sive
1178 2612 1328 2668 Cardine-

153 2702 228 2756 lium
250 2701 380 2756 consilio
400 2700 519 2773 aliquidv
538 2701 658 2755 statuit.

226 2794 394 2848 Decretoles
412 2791 438 2846 si
459 2789 544 2862 Papa
563 2791 721 2844 consultus
745 2790 783 2844 ab
805 2790 966 2862 Episcopis
986 2791 1034 2845 vel
1056 2790 1094 2844 ab
1115 2791 1177 2845 alia
1197 2810 1327 2864 persona

154 2880 194 2936 iie
214 2880 358 2935 rescribit
376 2887 515 2935 statuens
535 2880 652 2952 aliquid
673 2879 752 2950 quod
766 2880 845 2950 legis
857 2880 1025 2934 communis
1041 2881 1190 2936 rationem
1205 2882 1329 2938 hebeat.

226 2971 402 3038 Eucyclr'crre
421 2971 446 3022 si
468 2968 505 3022 ad
525 2985 628 3023 omnes
648 2968 815 3022 catholicos
836 2968 1004 3040 Episcopos
1024 2969 1207 3040 dirigantur.

224 3059 382 3127 Rescripta
413 3074 490 3128 quae
522 3056 731 3112 definiuntur:
753 3077 768 3108 e
793 3056 980 3128 Responsum
1011 3059 1144 3128 supremi
1172 3058 1326 3132 Principis

154 3147 192 3202 ad
212 3146 344 3200 alicuius
373 3146 627 3218 supplicationem
647 3149 828 3202 relationem
852 3148 900 3202 vel
921 3148 1179 3204 consultationem
1201 3149 1232 3203 in
1252 3149 1325 3204 scri·

151 3244 204 3310 pto
224 3236 328 3290 clatum
348 3254 373 3292 ».
405 3235 645 3305 Distinguuntur
665 3238 815 3307 rescripta
834 3241 964 3294 iustitiae
984 3255 1091 3308 nempe
1112 3241 1149 3292 ad
1169 3239 1242 3294 lites
1265 3240 1324 3294 eol·

153 3325 278 3389 vendas,
308 3331 336 3384 st
367 3325 517 3396 rescripta
542 3331 659 3398 pretias
684 3343 761 3397 quae
794 3344 900 3396 puram
924 3325 1144 3382 liberalitatem
1176 3329 1324 3399 principis

152 3414 312 3468 continent
331 3413 447 3485 absque
467 3415 663 3470 contentione
683 3415 825 3486 partium.
839 3415 1001 3487 Rescripta
1022 3421 1139 3488 qratiee
1153 3426 1223 3471 eunt
1244 3418 1325 3474 latae

154 3493 418 3574 interpretationis
438 3512 469 3558 et
489 3523 525 3559 ex
545 3522 577 3560 se
598 3512 753 3576 perpetua,
774 3522 833 3558 non
854 3511 955 3559 autem
971 3506 1119 3576 rescripta
1140 3510 1279 3562 iustitiae.
1292 3537 1324 3546 -

152 3593 245 3648 Nulla¹
277 3599 307 3647 et
327 3594 440 3649 valoris
461 3596 598 3666 expertia
619 3603 783 3650 censentur
804 3595 969 3666 rescripta:
1003 3597 1033 3663 a)
1062 3615 1098 3650 ex
1128 3595 1249 3650 defectu
1279 3613 1325 3651 eo-

154 3681 325 3738 lemnitetis
346 3691 375 3737 et
395 3683 582 3749 authentice,
614 3691 688 3755 puta
717 3683 743 3738 si
773 3683 965 3738 desideratur
985 3681 1124 3754 legitima
1156 3684 1325 3755 inscriptio,

153 3771 352 3826 salutationis
372 3774 471 3844 stylus
492 3781 557 3840 etc.;
579 3773 609 3842 b)
639 3791 675 3827 ex
702 3771 823 3827 defectu
851 3791 904 3828 seu
925 3772 1063 3828 falsitate
1084 3791 1216 3844 precum.

225 3861 287 3917 cfr.
314 3863 409 3924 Santi.
430 3863 658 3917 Praelectiones
678 3861 755 3916 iuris
776 3861 914 3916 canonici
936 3863 1024 3916 iuxta
1043 3863 1181 3918 ordinem
1203 3865 1323 3918 Decret.

152 3949 295 4018 Gregorii
316 3940 374 4016 IX,
393 3957 464 4006 tom.
484 3951 508 4017 Ι,
529 3971 555 4022 p.
574 3953 609 4006 26
629 3959 659 4006 et
679 3970 761 4024 seqq.

224 4056 265 4126 (1)
285 4057 329 4111 De
350 4057 473 4112 notione
493 4066 522 4113 et
543 4058 696 4114 divisione
717 4059 922 4116 Conciliorum
937 4067 1044 4129 postea
1064 4058 1244 4114 videbimus.
1265 4060 1326 4116 Hic

152 4144 264 4200 seriem
284 4147 529 4218 chronologicam
550 4151 666 4206 Concil.
687 4149 795 4206 Gener.
816 4150 941 4205 damus:
