3200 4890
238 333 365 416 ¹eu

400 437 555 524 Effectus
577 457 847 526 denunciationis
869 465 958 526 sunt:
976 457 1021 522 1.⁰
1036 463 1075 522 ut
1095 456 1200 522 iudex
1222 479 1265 521 ex
1287 453 1404 521 officio
1427 453 1472 518 in-

310 563 446 650 quirere
468 565 589 631 debeat
610 573 726 632 utrum
744 564 870 632 crimen
892 586 1011 630 revera
1032 561 1157 628 existat
1178 585 1240 628 nec
1262 585 1315 644 ne,
1341 567 1377 627 et
1399 581 1467 646 pro·

311 694 438 738 cessum
460 671 610 760 incipere
632 673 768 740 citando
790 680 825 739 et
847 671 1070 739 examinando
1092 677 1194 738 testes
1217 673 1274 756 (1);
1306 669 1338 734 si
1361 676 1471 733 tamen

311 777 474 846 delictum
496 802 564 846 non
586 778 631 846 sit
653 780 823 846 occultum
845 801 911 865 quo
934 779 969 844 in
992 801 1071 844 casu
1094 777 1263 844 abstinere
1286 776 1391 842 debet
1412 772 1473 839 nisi

311 884 473 952 damnum
510 886 631 953 afferat
654 886 816 970 societati;
840 888 876 952 2⁰
899 895 939 952 ut
961 885 1183 952 denunciator
1206 891 1369 950 teneatur
1392 879 1470 947 desi-

313 1015 418 1081 gnare
441 993 577 1060 nomina
600 993 739 1062 testium
762 1004 796 1061 et
817 985 1000 1088 suggerere
1023 993 1133 1060 medie
1155 992 1368 1080 probationis
1393 995 1447 1074 (2).

403 1101 436 1168 A
458 1101 604 1190 simplici
627 1103 884 1170 denunciatione
906 1101 1131 1189 distinguitur
1157 1102 1311 1188 specifice
1347 1101 1477 1186 querela

314 1233 400 1296 quae
421 1209 570 1276 intendit
592 1220 727 1298 praeter
749 1214 932 1278 uindictam
962 1210 1143 1298 publicam,
1162 1209 1336 1296 privatam
1353 1208 1474 1272 indem-

250 1309 252 1314 ’
314 1315 466 1402 nitatem,
490 1316 754 1384 satisfactionem
779 1342 821 1384 ex
842 1317 916 1404 ipsa
940 1341 1065 1406 poenae
1088 1315 1239 1401 luitione,
1269 1323 1305 1381 et
1337 1312 1477 1407 maxime

314 1424 417 1490 habet
448 1423 558 1489 locum
581 1446 658 1490 cum
680 1424 817 1510 publica
839 1424 1023 1490 auotoritas
1046 1447 1113 1490 non
1135 1431 1363 1508 persequatur
1393 1427 1477 1486 certa

315 1529 456 1596 crimina
478 1529 544 1595 nisi
566 1531 609 1595 ad
631 1530 831 1597 instantiam
854 1529 961 1618 partis
984 1531 1093 1596 laesae
1119 1531 1173 1614 (3).

404 1636 479 1702 209.
504 1635 712 1724 Inquisitio
734 1643 785 1704 est
807 1639 955 1724 lepitimc
969 1621 1120 1702 criminis
1141 1636 1354 1722 iaceatipotc'o
1377 1635 1418 1698 ab
1431 1633 1475 1696 ia·

315 1745 387 1810 dice
408 1746 513 1830 facta.

405 1849 485 1915 ires
507 1847 631 1936 species
654 1833 884 1934 inquisitionis
907 1849 1175 1936 distinguuntur:
1210 1850 1390 1934 pancratis,
1412 1867 1474 1930 epe·

316 1958 421 2041 dulia,
448 1957 702 2041 specialissima.

406 2065 580 2130 Generalis
602 2063 755 2130 consistit
777 2063 814 2128 in
837 2062 1019 2149 vigilantia
1040 2061 1174 2128 assidua
1197 2060 1414 2126 auctoritatis
1437 2057 1472 2124 ad

316 2163 459 2234 crimina
481 2169 742 2255 praevenienda.

405 2278 569 2362 specialis
590 2277 735 2342 habetur
756 2277 891 2362 quando
914 2301 955 2342 ex
976 2276 1086 2343 officio
1108 2276 1161 2341 vel
1176 2275 1219 2340 ad
1234 2273 1383 2340 alicuius
1398 2294 1467 2358 que·

317 2383 422 2449 relam
444 2405 503 2448 seu
533 2381 834 2466 denuntiationem,
857 2381 958 2448 iudex
981 2383 1022 2448 de
1045 2382 1158 2470 aliquo
1181 2379 1325 2445 crimine
1347 2383 1472 2465 patrato

317 2489 461 2576 inquirit
482 2489 558 2576 quis
580 2489 666 2560 illud
689 2490 893 2556 commiserit
916 2491 1010 2556 nulla
1033 2512 1189 2578 expressa
1211 2487 1249 2552 in
1280 2480 1471 2574 particulari

317 2619 469 2682 persona.

388 2794 427 2859 (1)
446 2793 633 2864 Semelam..
654 2791 685 2847 in
705 2792 755 2850 tit.
773 2794 785 2846 Ι
806 2791 858 2848 lib.
878 2791 913 2849 V.
932 2793 1021 2848 Decr.
1039 2811 1068 2846 n.
1088 2794 1148 2848 125.

389 2899 429 2971 (2)
448 2900 652 2955 Denunciatio
672 2899 995 2972 iudicialisaprivatis
1014 2900 1097 2955 facta
1115 2900 1249 2954 moribus
1268 2897 1419 2954 absolevit
1431 2912 1468 2950 ea·

320 2990 387 3044 dem
417 2988 480 3044 fere
510 2990 628 3044 ratione
659 3007 717 3062 qua
746 2991 910 3045 accusatio.
938 2989 1032 3045 Nemo
1051 2989 1141 3044 hodie
1161 2996 1262 3060 partes
1282 2987 1411 3044 assumit
1428 2985 1469 3038 da·

321 3078 483 3134 nunciandi
504 3097 588 3134 reum
608 3086 779 3134 etecusam
804 3098 902 3134 coram
934 3079 1034 3134 iudice
1065 3079 1265 3153 prosequendi
1299 3077 1332 3132 in
1357 3072 1468 3130 materis

319 3167 481 3236 criminali,
501 3174 619 3238 praeter
639 3167 796 3223 officialem
817 3168 972 3240 publicum
993 3168 1043 3240 qui
1070 3168 1160 3238 vulgo
1180 3171 1339 3224 Promotus·
1369 3161 1468 3219 fiscalis

320 3258 441 3314 dicitur.
460 3257 523 3314 afr.
543 3260 643 3324 Icord,
664 3258 684 3314 l.
704 3276 731 3314 c.
749 3276 778 3313 n.
796 3259 860 3313 661.

390 3366 428 3437 (3)
449 3364 511 3422 cfr.
531 3369 620 3437 Lapa,
641 3383 687 3436 op.
707 3365 756 3420 cit.
776 3365 830 3420 lib.
848 3363 889 3432 ΙΙ,
908 3365 967 3419 vol.
985 3363 1037 3430 IV,
1058 3381 1086 3418 n.
1106 3363 1165 3418 110.
1184 3363 1278 3434 Atqui
1302 3359 1466 3418 canonistas
1557 3437 1558 3440 Ἴ

318 3462 353 3510 ut
371 3458 475 3523 Bouto),
505 3455 549 3510 De
575 3454 698 3510 iudiciis
725 3473 752 3526 p.
779 3455 823 3522 35,
849 3460 958 3524 putant
988 3471 1079 3524 egere
1108 3456 1232 3509 civiliter
1250 3455 1287 3510 de
1306 3449 1465 3508 crimiaeet
1557 3447 1558 3472 ¹

320 3563 438 3614 movere
457 3549 609 3618 querelam
637 3547 673 3602 de
692 3548 814 3617 crimine
837 3543 916 3600 idem
936 3559 1011 3608 esse,
1031 3541 1141 3614 quippe
1162 3542 1286 3613 querela
1306 3541 1349 3596 sit
1367 3541 1465 3594 denun-

320 3633 412 3689 ciatio
443 3627 651 3705 in'privatum
684 3632 841 3688 interesse.
869 3631 927 3686 Sed
955 3629 1020 3699 alii,
1038 3637 1072 3684 ut
1090 3633 1248 3702 Pellcprini
1267 3617 1298 3685 et
1319 3634 1397 3702 Lapa
1416 3626 1467 3679 lc.

321 3725 375 3779 hos
386 3711 548 3796 conceptus
561 3723 765 3794 distinguunt,
776 3721 855 3794 quia,
870 3721 964 3788 aiunt,
981 3721 1040 3774 ista
1053 3719 1166 3774 delicta
1186 3720 1243 3774 etsi
1265 3713 1464 3790 compescenda

320 3807 438 3868 tantum
456 3815 494 3870 ad
513 3814 666 3886 querelam
684 3813 872 3885 privatorum
892 3829 951 3866 non
972 3816 1043 3866 sunt
1061 3809 1173 3864 delicta
1192 3810 1313 3879 privata
1331 3822 1416 3864 sensu
1433 3801 1467 3856 iu·

321 3905 363 3959 ris
382 3903 497 3957 romani
517 3905 608 3974 (apud
628 3919 776 3969 romanos,
797 3903 924 3955 crimine
937 3900 1056 3972 privata
1069 3899 1312 3954 aestimabantur
1330 3895 1462 3953 laesiones

320 4009 380 4047 non
400 3991 592 4062 egredientes
619 3991 778 4062 sphaeram
807 3989 918 4043 lurtum
944 3988 1137 4059 privatorum,
1159 4004 1285 4059 quorum
1305 3977 1460 4058 persecutio

320 4081 428 4137 relicta
447 4088 512 4134 arat
531 4079 684 4134 exclusive
704 4079 822 4150 privato
841 4076 957 4132 homini
978 4077 1071 4144 laeso)
1083 4074 1194 4148 quippe
1209 4075 1359 4130 eiusmodi
1377 4065 1457 4126 trimi·

321 4188 360 4226 ua
379 4169 472 4225 veluti
494 4167 672 4234 calumniae,
704 4165 938 4232 diffamatiouos,
967 4165 1021 4220 sed
1049 4182 1151 4220 eorum
1170 4163 1324 4220 criminali
1345 4169 1460 4236 persecu·

311 4261 396 4318 tioni
417 4278 476 4316 non
496 4259 531 4315 fit
549 4261 633 4314 locus
653 4257 713 4314 nisi
733 4258 772 4313 ad
790 4257 946 4329 querelam
965 4255 1074 4328 partis.
