<?xml version="1.0" encoding="UTF-8"?>
<!DOCTYPE html PUBLIC "-//W3C//DTD XHTML 1.0 Transitional//EN"
    "http://www.w3.org/TR/xhtml1/DTD/xhtml1-transitional.dtd">
<html xmlns="http://www.w3.org/1999/xhtml" xml:lang="en" lang="en">
 <head>
  <title>
</title>
<meta http-equiv="Content-Type" content="text/html;charset=utf-8" />
  <meta name='ocr-system' content='tesseract 3.04.00' />
  <meta name='ocr-capabilities' content='ocr_page ocr_carea ocr_par ocr_line ocrx_word'/>
</head>
<body>
  <div class='ocr_page' id='page_1' title='image "./elementaiurisec00munegoog_0082.png"; bbox 0 0 3234 4902; ppageno 0'>
   <div class='ocr_carea' id='block_1_1' title="bbox 1318 313 1382 374">
    <p class='ocr_par' dir='ltr' id='par_1_1' title="bbox 1318 313 1382 374">
     <span class='ocr_line' id='line_1_1' title="bbox 1318 313 1382 374; baseline -0.031 0"><span class='ocrx_word' id='word_1_1' title='bbox 1318 313 1382 374; x_wconf 77' lang='lat'>71·</span> 
     </span>
    </p>
   </div>
   <div class='ocr_carea' id='block_1_2' title="bbox 136 462 1354 2460">
    <p class='ocr_par' dir='ltr' id='par_1_2' title="bbox 176 462 1353 1196">
     <span class='ocr_line' id='line_1_2' title="bbox 177 462 1353 552; baseline -0.006 -20"><span class='ocrx_word' id='word_1_2' title='bbox 177 476 316 535; x_wconf 87' lang='lat' dir='ltr'>vertant</span> <span class='ocrx_word' id='word_1_3' title='bbox 331 469 389 534; x_wconf 88' lang='lat' dir='ltr'>sed</span> <span class='ocrx_word' id='word_1_4' title='bbox 404 474 600 552; x_wconf 66' lang='lat' dir='ltr'>sequentum</span> <span class='ocrx_word' id='word_1_5' title='bbox 625 465 693 532; x_wconf 92' lang='lat' dir='ltr'>imo</span> <span class='ocrx_word' id='word_1_6' title='bbox 717 489 760 530; x_wconf 92' lang='lat' dir='ltr'>ne</span> <span class='ocrx_word' id='word_1_7' title='bbox 773 465 909 530; x_wconf 90' lang='lat' dir='ltr'>modum</span> <span class='ocrx_word' id='word_1_8' title='bbox 925 463 1063 550; x_wconf 91' lang='lat' dir='ltr'>quidem</span> <span class='ocrx_word' id='word_1_9' title='bbox 1074 462 1240 528; x_wconf 85' lang='lat' dir='ltr'>excedent</span> <span class='ocrx_word' id='word_1_10' title='bbox 1251 483 1353 546; x_wconf 90' lang='lat' dir='ltr'>quem</span> 
     </span>
     <span class='ocr_line' id='line_1_3' title="bbox 176 568 1353 657; baseline -0.006 -17"><span class='ocrx_word' id='word_1_11' title='bbox 176 576 219 640; x_wconf 88' lang='lat' dir='ltr'>ad</span> <span class='ocrx_word' id='word_1_12' title='bbox 241 575 433 642; x_wconf 86' lang='lat' dir='ltr'>animarum</span> <span class='ocrx_word' id='word_1_13' title='bbox 468 575 613 640; x_wconf 89' lang='lat' dir='ltr'>salutem</span> <span class='ocrx_word' id='word_1_14' title='bbox 645 572 804 638; x_wconf 80' lang='lat' dir='ltr'>Ecclesia</span> <span class='ocrx_word' id='word_1_15' title='bbox 838 570 912 657; x_wconf 92' lang='lat' dir='ltr'>ipsa</span> <span class='ocrx_word' id='word_1_16' title='bbox 947 568 1214 656; x_wconf 70' lang='lat' dir='ltr'>praescripserit.</span> <span class='ocrx_word' id='word_1_17' title='bbox 1249 569 1353 634; x_wconf 80' lang='lat' dir='ltr'>Ratio</span> 
     </span>
     <span class='ocr_line' id='line_1_4' title="bbox 177 676 1353 768; baseline -0.005 -20"><span class='ocrx_word' id='word_1_18' title='bbox 177 690 229 748; x_wconf 88' lang='lat' dir='ltr'>est</span> <span class='ocrx_word' id='word_1_19' title='bbox 251 683 332 768; x_wconf 80' lang='lat' dir='ltr'>quia</span> <span class='ocrx_word' id='word_1_20' title='bbox 354 683 432 748; x_wconf 87' lang='lat' dir='ltr'>finis</span> <span class='ocrx_word' id='word_1_21' title='bbox 459 681 630 748; x_wconf 87' lang='lat' dir='ltr'>societatis</span> <span class='ocrx_word' id='word_1_22' title='bbox 670 680 781 747; x_wconf 84' lang='lat' dir='ltr'>civilis</span> <span class='ocrx_word' id='word_1_23' title='bbox 816 679 947 745; x_wconf 87' lang='lat' dir='ltr'>scilicet</span> <span class='ocrx_word' id='word_1_24' title='bbox 984 677 1181 764; x_wconf 88' lang='lat' dir='ltr'>temporalis</span> <span class='ocrx_word' id='word_1_25' title='bbox 1204 676 1353 743; x_wconf 85' lang='lat' dir='ltr'>felicitas</span> 
     </span>
     <span class='ocr_line' id='line_1_5' title="bbox 177 786 1353 873; baseline -0.006 -17"><span class='ocrx_word' id='word_1_26' title='bbox 177 789 356 856; x_wconf 87' lang='lat' dir='ltr'>ordinatur</span> <span class='ocrx_word' id='word_1_27' title='bbox 374 790 417 855; x_wconf 93' lang='lat' dir='ltr'>ad</span> <span class='ocrx_word' id='word_1_28' title='bbox 439 791 542 855; x_wconf 87' lang='lat' dir='ltr'>finem</span> <span class='ocrx_word' id='word_1_29' title='bbox 565 788 739 854; x_wconf 79' lang='lat' dir='ltr'>Ecclesiae</span> <span class='ocrx_word' id='word_1_30' title='bbox 763 788 821 873; x_wconf 93' lang='lat' dir='ltr'>qui</span> <span class='ocrx_word' id='word_1_31' title='bbox 846 795 897 852; x_wconf 89' lang='lat' dir='ltr'>est</span> <span class='ocrx_word' id='word_1_32' title='bbox 921 786 995 852; x_wconf 87' lang='lat' dir='ltr'>vita</span> <span class='ocrx_word' id='word_1_33' title='bbox 1018 794 1176 868; x_wconf 78' lang='lat' dir='ltr'>aeterne3</span> <span class='ocrx_word' id='word_1_34' title='bbox 1212 809 1254 850; x_wconf 82' lang='lat' dir='ltr'>ex</span> <span class='ocrx_word' id='word_1_35' title='bbox 1286 805 1353 870; x_wconf 91' lang='lat' dir='ltr'>quo</span> 
     </span>
     <span class='ocr_line' id='line_1_6' title="bbox 177 887 1352 982; baseline -0.005 -20"><span class='ocrx_word' id='word_1_36' title='bbox 177 895 392 964; x_wconf 71' lang='lat' dir='ltr'>concluditur</span> <span class='ocrx_word' id='word_1_37' title='bbox 414 887 451 962; x_wconf 86' lang='lat' dir='ltr'>in</span> <span class='ocrx_word' id='word_1_38' title='bbox 473 895 516 962; x_wconf 90' lang='lat' dir='ltr'>iis</span> <span class='ocrx_word' id='word_1_39' title='bbox 540 920 625 982; x_wconf 87' lang='lat' dir='ltr'>quae</span> <span class='ocrx_word' id='word_1_40' title='bbox 649 897 692 962; x_wconf 89' lang='lat' dir='ltr'>ad</span> <span class='ocrx_word' id='word_1_41' title='bbox 718 895 824 961; x_wconf 85' lang='lat' dir='ltr'>vitam</span> <span class='ocrx_word' id='word_1_42' title='bbox 847 901 1020 960; x_wconf 89' lang='lat' dir='ltr'>aeternam</span> <span class='ocrx_word' id='word_1_43' title='bbox 1036 894 1185 977; x_wconf 88' lang='lat' dir='ltr'>adeoque</span> <span class='ocrx_word' id='word_1_44' title='bbox 1209 893 1252 958; x_wconf 87' lang='lat' dir='ltr'>ad</span> <span class='ocrx_word' id='word_1_45' title='bbox 1275 891 1352 957; x_wconf 86' lang='lat' dir='ltr'>reli-</span> 
     </span>
     <span class='ocr_line' id='line_1_7' title="bbox 177 999 1352 1090; baseline -0.003 -22"><span class='ocrx_word' id='word_1_46' title='bbox 177 1003 313 1090; x_wconf 89' lang='lat' dir='ltr'>gionem</span> <span class='ocrx_word' id='word_1_47' title='bbox 336 1003 511 1088; x_wconf 89' lang='lat' dir='ltr'>pertinent</span> <span class='ocrx_word' id='word_1_48' title='bbox 532 1003 722 1069; x_wconf 85' lang='lat' dir='ltr'>Ecclesiam</span> <span class='ocrx_word' id='word_1_49' title='bbox 746 1001 888 1088; x_wconf 84' lang='lat' dir='ltr'>praeire,</span> <span class='ocrx_word' id='word_1_50' title='bbox 913 1000 1108 1067; x_wconf 88' lang='lat' dir='ltr'>societatem</span> <span class='ocrx_word' id='word_1_51' title='bbox 1143 999 1279 1065; x_wconf 89' lang='lat' dir='ltr'>civilem</span> <span class='ocrx_word' id='word_1_52' title='bbox 1303 1023 1352 1065; x_wconf 89' lang='lat' dir='ltr'>se-</span> 
     </span>
     <span class='ocr_line' id='line_1_8' title="bbox 176 1110 458 1196; baseline 0 -20"><span class='ocrx_word' id='word_1_53' title='bbox 176 1110 235 1196; x_wconf 92' lang='lat' dir='ltr'>qui</span> <span class='ocrx_word' id='word_1_54' title='bbox 258 1111 379 1176; x_wconf 90' lang='lat' dir='ltr'>debere</span> <span class='ocrx_word' id='word_1_55' title='bbox 403 1116 413 1194; x_wconf 90' lang='lat'>(</span> <span class='ocrx_word' id='word_1_56' title='bbox 438 1117 458 1193; x_wconf 71' lang='lat' dir='ltr'>l.</span> 
     </span>
    </p>

    <p class='ocr_par' dir='ltr' id='par_1_3' title="bbox 136 1215 1354 2460">
     <span class='ocr_line' id='line_1_9' title="bbox 268 1215 1353 1303; baseline -0.003 -20"><span class='ocrx_word' id='word_1_57' title='bbox 268 1221 319 1285; x_wconf 83' lang='grc'>78.</span> <span class='ocrx_word' id='word_1_58' title='bbox 332 1219 409 1284; x_wconf 91' lang='lat' dir='ltr'>Huc</span> <span class='ocrx_word' id='word_1_59' title='bbox 432 1217 606 1303; x_wconf 74' lang='lat' dir='ltr'>pertinent</span> <span class='ocrx_word' id='word_1_60' title='bbox 621 1223 656 1281; x_wconf 90' lang='lat' dir='ltr'>et</span> <span class='ocrx_word' id='word_1_61' title='bbox 681 1216 824 1282; x_wconf 82' lang='lat' dir='ltr'>Petrum</span> <span class='ocrx_word' id='word_1_62' title='bbox 848 1215 961 1281; x_wconf 85' lang='lat' dir='ltr'>effata.</span> <span class='ocrx_word' id='word_1_63' title='bbox 986 1215 1043 1281; x_wconf 88' lang='lat' dir='ltr'>Ita</span> <span class='ocrx_word' id='word_1_64' title='bbox 1062 1218 1245 1282; x_wconf 79' lang='lat' dir='ltr'>Facundus</span> <span class='ocrx_word' id='word_1_65' title='bbox 1267 1217 1353 1280; x_wconf 77' lang='lat' dir='ltr'>Her·-</span> 
     </span>
     <span class='ocr_line' id='line_1_10' title="bbox 175 1322 1353 1411; baseline -0.003 -19"><span class='ocrx_word' id='word_1_66' title='bbox 175 1329 279 1392; x_wconf 80' lang='lat' dir='ltr'>rnt&#39;un.</span> <span class='ocrx_word' id='word_1_67' title='bbox 302 1329 360 1409; x_wconf 74' lang='lat'>(2):</span> <span class='ocrx_word' id='word_1_68' title='bbox 387 1352 405 1386; x_wconf 70' lang='lat' dir='ltr'>c</span> <span class='ocrx_word' id='word_1_69' title='bbox 428 1323 606 1411; x_wconf 83' lang='lat' dir='ltr'>Principes</span> <span class='ocrx_word' id='word_1_70' title='bbox 631 1346 699 1390; x_wconf 86' lang='lat' dir='ltr'>non</span> <span class='ocrx_word' id='word_1_71' title='bbox 714 1322 879 1410; x_wconf 86' lang='lat' dir='ltr'>praevios,</span> <span class='ocrx_word' id='word_1_72' title='bbox 896 1323 953 1388; x_wconf 87' lang='lat' dir='ltr'>sed</span> <span class='ocrx_word' id='word_1_73' title='bbox 969 1323 1184 1408; x_wconf 87' lang='lat' dir='ltr'>pedissequos</span> <span class='ocrx_word' id='word_1_74' title='bbox 1200 1323 1353 1388; x_wconf 87' lang='lat' dir='ltr'>sacerdo-</span> 
     </span>
     <span class='ocr_line' id='line_1_11' title="bbox 175 1429 1352 1516; baseline -0.003 -17"><span class='ocrx_word' id='word_1_75' title='bbox 175 1433 298 1499; x_wconf 89' lang='lat' dir='ltr'>talium</span> <span class='ocrx_word' id='word_1_76' title='bbox 320 1433 534 1498; x_wconf 89' lang='lat' dir='ltr'>decretorum</span> <span class='ocrx_word' id='word_1_77' title='bbox 557 1454 628 1496; x_wconf 87' lang='lat' dir='ltr'>esse</span> <span class='ocrx_word' id='word_1_78' title='bbox 653 1437 807 1516; x_wconf 90' lang='lat' dir='ltr'>oportere</span> <span class='ocrx_word' id='word_1_79' title='bbox 831 1461 861 1496; x_wconf 80' lang='grc'>».</span> <span class='ocrx_word' id='word_1_80' title='bbox 887 1433 1016 1515; x_wconf 85' lang='lat' dir='ltr'>Ioann,</span> <span class='ocrx_word' id='word_1_81' title='bbox 1043 1430 1142 1514; x_wconf 85' lang='lat' dir='ltr'>VIII,</span> <span class='ocrx_word' id='word_1_82' title='bbox 1166 1430 1203 1494; x_wconf 91' lang='lat' dir='ltr'>in</span> <span class='ocrx_word' id='word_1_83' title='bbox 1227 1429 1310 1516; x_wconf 77' lang='lat' dir='ltr'>(lap.</span> <span class='ocrx_word' id='word_1_84' title='bbox 1335 1433 1352 1496; x_wconf 87' lang='lat'>1</span> 
     </span>
     <span class='ocr_line' id='line_1_12' title="bbox 176 1535 1353 1620; baseline -0.004 -15"><span class='ocrx_word' id='word_1_85' title='bbox 176 1541 218 1606; x_wconf 91' lang='lat' dir='ltr'>de</span> <span class='ocrx_word' id='word_1_86' title='bbox 240 1541 326 1606; x_wconf 89' lang='lat' dir='ltr'>offic.</span> <span class='ocrx_word' id='word_1_87' title='bbox 350 1539 419 1604; x_wconf 93' lang='lat' dir='ltr'>iud.</span> <span class='ocrx_word' id='word_1_88' title='bbox 436 1539 518 1605; x_wconf 86' lang='lat' dir='ltr'>ord:</span> <span class='ocrx_word' id='word_1_89' title='bbox 545 1564 563 1599; x_wconf 68' lang='lat' dir='ltr'>e</span> <span class='ocrx_word' id='word_1_90' title='bbox 582 1537 767 1602; x_wconf 89' lang='lat' dir='ltr'>Publioum</span> <span class='ocrx_word' id='word_1_91' title='bbox 791 1537 838 1620; x_wconf 81' lang='lat' dir='ltr'>(id</span> <span class='ocrx_word' id='word_1_92' title='bbox 854 1545 906 1602; x_wconf 83' lang='lat' dir='ltr'>est</span> <span class='ocrx_word' id='word_1_93' title='bbox 921 1535 1092 1604; x_wconf 86' lang='lat' dir='ltr'>societatis</span> <span class='ocrx_word' id='word_1_94' title='bbox 1112 1536 1238 1619; x_wconf 80' lang='lat' dir='ltr'>civilis)</span> <span class='ocrx_word' id='word_1_95' title='bbox 1257 1537 1353 1602; x_wconf 83' lang='lat' dir='ltr'>auxi-</span> 
     </span>
     <span class='ocr_line' id='line_1_13' title="bbox 175 1643 1353 1730; baseline -0.001 -18"><span class='ocrx_word' id='word_1_96' title='bbox 175 1647 262 1712; x_wconf 89' lang='lat' dir='ltr'>lium</span> <span class='ocrx_word' id='word_1_97' title='bbox 284 1645 334 1712; x_wconf 89' lang='lat' dir='ltr'>ita</span> <span class='ocrx_word' id='word_1_98' title='bbox 355 1645 393 1710; x_wconf 91' lang='lat' dir='ltr'>in</span> <span class='ocrx_word' id='word_1_99' title='bbox 416 1644 590 1710; x_wconf 89' lang='lat' dir='ltr'>Ecclesiae</span> <span class='ocrx_word' id='word_1_100' title='bbox 614 1645 742 1710; x_wconf 90' lang='lat' dir='ltr'>bonum</span> <span class='ocrx_word' id='word_1_101' title='bbox 760 1643 1001 1710; x_wconf 86' lang='lat' dir='ltr'>conferendum</span> <span class='ocrx_word' id='word_1_102' title='bbox 1017 1667 1097 1728; x_wconf 86' lang='lat' dir='ltr'>osse,</span> <span class='ocrx_word' id='word_1_103' title='bbox 1123 1653 1162 1710; x_wconf 91' lang='lat' dir='ltr'>ut</span> <span class='ocrx_word' id='word_1_104' title='bbox 1178 1667 1245 1710; x_wconf 91' lang='lat' dir='ltr'>non</span> <span class='ocrx_word' id='word_1_105' title='bbox 1261 1667 1353 1730; x_wconf 88' lang='lat' dir='ltr'>prae·</span> 
     </span>
     <span class='ocr_line' id='line_1_14' title="bbox 175 1751 1353 1838; baseline 0 -20"><span class='ocrx_word' id='word_1_106' title='bbox 175 1753 327 1820; x_wconf 88' lang='lat' dir='ltr'>iudicare</span> <span class='ocrx_word' id='word_1_107' title='bbox 350 1759 555 1838; x_wconf 79' lang='lat' dir='ltr'>praesumat,</span> <span class='ocrx_word' id='word_1_108' title='bbox 579 1752 636 1816; x_wconf 90' lang='lat' dir='ltr'>sed</span> <span class='ocrx_word' id='word_1_109' title='bbox 652 1751 775 1836; x_wconf 82' lang='lat' dir='ltr'>potius,</span> <span class='ocrx_word' id='word_1_110' title='bbox 798 1773 884 1836; x_wconf 88' lang='lat' dir='ltr'>quae</span> <span class='ocrx_word' id='word_1_111' title='bbox 898 1751 968 1816; x_wconf 84' lang='lat' dir='ltr'>Deo</span> <span class='ocrx_word' id='word_1_112' title='bbox 984 1752 1053 1816; x_wconf 82' lang='lat' dir='ltr'>fuit</span> <span class='ocrx_word' id='word_1_113' title='bbox 1068 1751 1195 1838; x_wconf 89' lang='lat' dir='ltr'>placita</span> <span class='ocrx_word' id='word_1_114' title='bbox 1210 1775 1353 1837; x_wconf 84' lang='lat' dir='ltr'>exequa-</span> 
     </span>
     <span class='ocr_line' id='line_1_15' title="bbox 175 1857 1352 1944; baseline -0.001 -19"><span class='ocrx_word' id='word_1_115' title='bbox 175 1868 234 1925; x_wconf 90' lang='lat' dir='ltr'>tur</span> <span class='ocrx_word' id='word_1_116' title='bbox 256 1891 287 1925; x_wconf 82' lang='grc'>».</span> <span class='ocrx_word' id='word_1_117' title='bbox 313 1861 360 1924; x_wconf 89' lang='lat' dir='ltr'>Et</span> <span class='ocrx_word' id='word_1_118' title='bbox 388 1861 631 1937; x_wconf 69' lang='lat' dir='ltr'>Tridentium,</span> <span class='ocrx_word' id='word_1_119' title='bbox 649 1881 726 1924; x_wconf 88' lang='lat' dir='ltr'>sess.</span> <span class='ocrx_word' id='word_1_120' title='bbox 756 1859 869 1944; x_wconf 85' lang='lat' dir='ltr'>XXV,</span> <span class='ocrx_word' id='word_1_121' title='bbox 883 1857 921 1923; x_wconf 82' lang='lat' dir='ltr'>O.</span> <span class='ocrx_word' id='word_1_122' title='bbox 938 1861 982 1923; x_wconf 79' lang='lat'>20</span> <span class='ocrx_word' id='word_1_123' title='bbox 998 1861 1039 1924; x_wconf 92' lang='lat' dir='ltr'>de</span> <span class='ocrx_word' id='word_1_124' title='bbox 1054 1859 1199 1926; x_wconf 81' lang='lat' dir='ltr'>reform:</span> <span class='ocrx_word' id='word_1_125' title='bbox 1220 1887 1237 1920; x_wconf 69' lang='lat' dir='ltr'>c</span> <span class='ocrx_word' id='word_1_126' title='bbox 1254 1859 1352 1924; x_wconf 92' lang='lat' dir='ltr'>Prin-</span> 
     </span>
     <span class='ocr_line' id='line_1_16' title="bbox 175 1964 1354 2052; baseline 0 -20"><span class='ocrx_word' id='word_1_127' title='bbox 175 1965 268 2052; x_wconf 89' lang='lat' dir='ltr'>cipes</span> <span class='ocrx_word' id='word_1_128' title='bbox 291 1966 476 2032; x_wconf 83' lang='lat' dir='ltr'>saeculares</span> <span class='ocrx_word' id='word_1_129' title='bbox 501 1964 674 2030; x_wconf 88' lang='lat' dir='ltr'>Ecclesiae</span> <span class='ocrx_word' id='word_1_130' title='bbox 702 1971 910 2050; x_wconf 88' lang='lat' dir='ltr'>protectores</span> <span class='ocrx_word' id='word_1_131' title='bbox 933 1965 982 2030; x_wconf 88' lang='lat' dir='ltr'>ita</span> <span class='ocrx_word' id='word_1_132' title='bbox 1006 1989 1077 2032; x_wconf 89' lang='lat' dir='ltr'>esse</span> <span class='ocrx_word' id='word_1_133' title='bbox 1097 1967 1289 2052; x_wconf 84' lang='lat' dir='ltr'>censendos,</span> <span class='ocrx_word' id='word_1_134' title='bbox 1314 1973 1354 2031; x_wconf 93' lang='lat' dir='ltr'>ut</span> 
     </span>
     <span class='ocr_line' id='line_1_17' title="bbox 175 2057 1353 2161; baseline 0.001 -23"><span class='ocrx_word' id='word_1_135' title='bbox 175 2082 291 2140; x_wconf 88' lang='lat' dir='ltr'>tamen</span> <span class='ocrx_word' id='word_1_136' title='bbox 314 2097 399 2160; x_wconf 89' lang='lat' dir='ltr'>quae</span> <span class='ocrx_word' id='word_1_137' title='bbox 422 2073 639 2139; x_wconf 87' lang='lat' dir='ltr'>ecclesiastici</span> <span class='ocrx_word' id='word_1_138' title='bbox 664 2057 749 2138; x_wconf 89' lang='lat' dir='ltr'>iuris</span> <span class='ocrx_word' id='word_1_139' title='bbox 774 2081 864 2148; x_wconf 87' lang='lat' dir='ltr'>sunt,</span> <span class='ocrx_word' id='word_1_140' title='bbox 880 2081 1055 2158; x_wconf 75' lang='lat' dir='ltr'>tamquam</span> <span class='ocrx_word' id='word_1_141' title='bbox 1079 2075 1143 2140; x_wconf 90' lang='lat' dir='ltr'>Dei</span> <span class='ocrx_word' id='word_1_142' title='bbox 1171 2083 1353 2161; x_wconf 89' lang='lat' dir='ltr'>praecepta</span> 
     </span>
     <span class='ocr_line' id='line_1_18' title="bbox 175 2180 1353 2268; baseline -0.001 -21"><span class='ocrx_word' id='word_1_143' title='bbox 175 2181 315 2266; x_wconf 89' lang='lat' dir='ltr'>eiusque</span> <span class='ocrx_word' id='word_1_144' title='bbox 338 2180 527 2266; x_wconf 84' lang='lat' dir='ltr'>patrocinio</span> <span class='ocrx_word' id='word_1_145' title='bbox 549 2188 649 2266; x_wconf 89' lang='lat' dir='ltr'>tecta,</span> <span class='ocrx_word' id='word_1_146' title='bbox 674 2203 713 2246; x_wconf 92' lang='lat' dir='ltr'>eo</span> <span class='ocrx_word' id='word_1_147' title='bbox 738 2181 888 2246; x_wconf 88' lang='lat' dir='ltr'>sanctius</span> <span class='ocrx_word' id='word_1_148' title='bbox 908 2188 1123 2266; x_wconf 87' lang='lat' dir='ltr'>venerentur,</span> <span class='ocrx_word' id='word_1_149' title='bbox 1141 2205 1207 2267; x_wconf 91' lang='lat' dir='ltr'>quo</span> <span class='ocrx_word' id='word_1_150' title='bbox 1223 2181 1353 2268; x_wconf 86' lang='lat' dir='ltr'>largius</span> 
     </span>
     <span class='ocr_line' id='line_1_19' title="bbox 136 2287 1352 2374; baseline -0.001 -17"><span class='ocrx_word' id='word_1_151' title='bbox 136 2351 138 2357; x_wconf 83' lang='lat'><em>.</em></span> <span class='ocrx_word' id='word_1_152' title='bbox 175 2287 272 2353; x_wconf 90' lang='lat' dir='ltr'>bonis</span> <span class='ocrx_word' id='word_1_153' title='bbox 306 2287 560 2373; x_wconf 86' lang='lat' dir='ltr'>temporalibus¹</span> <span class='ocrx_word' id='word_1_154' title='bbox 586 2295 688 2372; x_wconf 91' lang='lat' dir='ltr'>atque</span> <span class='ocrx_word' id='word_1_155' title='bbox 722 2287 758 2352; x_wconf 92' lang='lat' dir='ltr'>in</span> <span class='ocrx_word' id='word_1_156' title='bbox 782 2287 865 2352; x_wconf 88' lang='lat' dir='ltr'>alios</span> <span class='ocrx_word' id='word_1_157' title='bbox 890 2295 1059 2374; x_wconf 86' lang='lat' dir='ltr'>potestate</span> <span class='ocrx_word' id='word_1_158' title='bbox 1090 2289 1154 2354; x_wconf 90' lang='lat' dir='ltr'>Dei</span> <span class='ocrx_word' id='word_1_159' title='bbox 1190 2289 1352 2356; x_wconf 88' lang='lat' dir='ltr'>beneficio</span> 
     </span>
     <span class='ocr_line' id='line_1_20' title="bbox 175 2394 446 2460; baseline 0 -2"><span class='ocrx_word' id='word_1_160' title='bbox 175 2401 256 2458; x_wconf 91' lang='lat' dir='ltr'>sunt</span> <span class='ocrx_word' id='word_1_161' title='bbox 280 2394 391 2460; x_wconf 88' lang='lat' dir='ltr'>ornati</span> <span class='ocrx_word' id='word_1_162' title='bbox 414 2423 446 2458; x_wconf 76' lang='lat'>».</span> 
     </span>
    </p>
   </div>
   <div class='ocr_carea' id='block_1_3' title="bbox 174 2501 1419 2882">
    <p class='ocr_par' dir='ltr' id='par_1_4' title="bbox 174 2501 1352 2782">
     <span class='ocr_line' id='line_1_21' title="bbox 266 2501 1350 2585; baseline 0.004 -19"><span class='ocrx_word' id='word_1_163' title='bbox 266 2501 317 2566; x_wconf 82' lang='grc'>79.</span> <span class='ocrx_word' id='word_1_164' title='bbox 341 2505 511 2569; x_wconf 85' lang='lat' dir='ltr'>Obiicies.</span> <span class='ocrx_word' id='word_1_165' title='bbox 545 2511 572 2568; x_wconf 89' lang='lat'>1.</span> <span class='ocrx_word' id='word_1_166' title='bbox 613 2509 772 2568; x_wconf 88' lang='lat' dir='ltr'>Protectio</span> <span class='ocrx_word' id='word_1_167' title='bbox 809 2509 918 2568; x_wconf 87' lang='lat' dir='ltr'>Status</span> <span class='ocrx_word' id='word_1_168' title='bbox 960 2511 1222 2585; x_wconf 88' lang='lat' dir='ltr'>tranquillitatem</span> <span class='ocrx_word' id='word_1_169' title='bbox 1254 2513 1350 2570; x_wconf 91' lang='lat' dir='ltr'>socie-</span> 
     </span>
     <span class='ocr_line' id='line_1_22' title="bbox 174 2597 1352 2684; baseline 0.002 -18"><span class='ocrx_word' id='word_1_170' title='bbox 174 2611 252 2666; x_wconf 88' lang='lat' dir='ltr'>tatis</span> <span class='ocrx_word' id='word_1_171' title='bbox 274 2608 378 2667; x_wconf 89' lang='lat' dir='ltr'>civilie</span> <span class='ocrx_word' id='word_1_172' title='bbox 398 2607 491 2666; x_wconf 85' lang='lat' dir='ltr'>facile</span> <span class='ocrx_word' id='word_1_173' title='bbox 513 2597 643 2682; x_wconf 53' lang='lat' dir='ltr'>turbat&#39;3</span> <span class='ocrx_word' id='word_1_174' title='bbox 665 2608 693 2664; x_wconf 79' lang='lat'>2.</span> <span class='ocrx_word' id='word_1_175' title='bbox 714 2606 833 2664; x_wconf 84' lang='lat' dir='ltr'>alienos</span> <span class='ocrx_word' id='word_1_176' title='bbox 868 2606 947 2665; x_wconf 83' lang='lat' dir='ltr'>facit</span> <span class='ocrx_word' id='word_1_177' title='bbox 974 2628 992 2664; x_wconf 87' lang='lat' dir='ltr'>a</span> <span class='ocrx_word' id='word_1_178' title='bbox 1020 2609 1171 2684; x_wconf 86' lang='lat' dir='ltr'>religione</span> <span class='ocrx_word' id='word_1_179' title='bbox 1192 2609 1352 2668; x_wconf 89' lang='lat' dir='ltr'>hominum</span> 
     </span>
     <span class='ocr_line' id='line_1_23' title="bbox 174 2705 1157 2782; baseline 0.003 -20"><span class='ocrx_word' id='word_1_180' title='bbox 174 2707 304 2782; x_wconf 84' lang='lat' dir='ltr'>animos,</span> <span class='ocrx_word' id='word_1_181' title='bbox 326 2709 379 2780; x_wconf 89' lang='lat' dir='ltr'>qui</span> <span class='ocrx_word' id='word_1_182' title='bbox 401 2707 602 2782; x_wconf 85' lang='lat' dir='ltr'>persuasione</span> <span class='ocrx_word' id='word_1_183' title='bbox 624 2710 656 2762; x_wconf 91' lang='lat' dir='ltr'>et</span> <span class='ocrx_word' id='word_1_184' title='bbox 677 2723 739 2762; x_wconf 90' lang='lat' dir='ltr'>non</span> <span class='ocrx_word' id='word_1_185' title='bbox 762 2708 918 2764; x_wconf 84' lang='lat' dir='ltr'>coactione</span> <span class='ocrx_word' id='word_1_186' title='bbox 940 2705 1011 2764; x_wconf 90' lang='lat' dir='ltr'>duci</span> <span class='ocrx_word' id='word_1_187' title='bbox 1033 2705 1157 2766; x_wconf 88' lang='lat' dir='ltr'>debent.</span> 
     </span>
    </p>

    <p class='ocr_par' dir='ltr' id='par_1_5' title="bbox 256 2800 1419 2882">
     <span class='ocr_line' id='line_1_24' title="bbox 256 2800 1419 2882; baseline -0.001 -18"><span class='ocrx_word' id='word_1_188' title='bbox 256 2807 346 2882; x_wconf 84' lang='lat' dir='ltr'>Reep.</span> <span class='ocrx_word' id='word_1_189' title='bbox 368 2804 407 2862; x_wconf 86' lang='lat' dir='ltr'>ad</span> <span class='ocrx_word' id='word_1_190' title='bbox 431 2805 461 2864; x_wconf 93' lang='lat'>1:</span> <span class='ocrx_word' id='word_1_191' title='bbox 484 2803 685 2861; x_wconf 88' lang='lat' dir='ltr'>Perturbatio</span> <span class='ocrx_word' id='word_1_192' title='bbox 718 2800 788 2860; x_wconf 88' lang='lat' dir='ltr'>fieri</span> <span class='ocrx_word' id='word_1_193' title='bbox 809 2808 913 2878; x_wconf 87' lang='lat' dir='ltr'>potest</span> <span class='ocrx_word' id='word_1_194' title='bbox 934 2823 990 2880; x_wconf 89' lang='lat' dir='ltr'>per</span> <span class='ocrx_word' id='word_1_195' title='bbox 1011 2804 1155 2864; x_wconf 87' lang='lat' dir='ltr'>accidens</span> <span class='ocrx_word' id='word_1_196' title='bbox 1186 2811 1222 2862; x_wconf 91' lang='lat' dir='ltr'>ut</span> <span class='ocrx_word' id='word_1_197' title='bbox 1254 2825 1282 2865; x_wconf 91' lang='lat' dir='ltr'>v.</span> <span class='ocrx_word' id='word_1_198' title='bbox 1304 2825 1353 2881; x_wconf 86' lang='lat' dir='ltr'>gr.</span> <span class='ocrx_word' id='word_1_199' title='bbox 1417 2869 1419 2874; x_wconf 56' lang='grc'>,</span> 
     </span>
    </p>
   </div>
   <div class='ocr_carea' id='block_1_4' title="bbox 173 2901 1426 3176">
    <p class='ocr_par' dir='ltr' id='par_1_6' title="bbox 173 2901 1426 3176">
     <span class='ocr_line' id='line_1_25' title="bbox 174 2901 1426 2977; baseline 0.001 -18"><span class='ocrx_word' id='word_1_200' title='bbox 174 2901 297 2977; x_wconf 88' lang='lat' dir='ltr'>quando</span> <span class='ocrx_word' id='word_1_201' title='bbox 320 2901 428 2964; x_wconf 85' lang='lat' dir='ltr'>Status</span> <span class='ocrx_word' id='word_1_202' title='bbox 450 2905 494 2960; x_wconf 85' lang='lat' dir='ltr'>sit</span> <span class='ocrx_word' id='word_1_203' title='bbox 514 2904 631 2960; x_wconf 84' lang='lat' dir='ltr'>mixtae</span> <span class='ocrx_word' id='word_1_204' title='bbox 647 2901 818 2976; x_wconf 81' lang='lat' dir='ltr'>religionis,</span> <span class='ocrx_word' id='word_1_205' title='bbox 840 2901 1008 2960; x_wconf 81' lang='lat' dir='ltr'>ueletiam</span> <span class='ocrx_word' id='word_1_206' title='bbox 1030 2903 1201 2961; x_wconf 87' lang='lat' dir='ltr'>catholicus</span> <span class='ocrx_word' id='word_1_207' title='bbox 1223 2903 1276 2962; x_wconf 86' lang='lat' dir='ltr'>sed</span> <span class='ocrx_word' id='word_1_208' title='bbox 1298 2922 1352 2961; x_wconf 92' lang='lat' dir='ltr'>no·</span> <span class='ocrx_word' id='word_1_209' title='bbox 1424 2938 1426 2943; x_wconf 92' lang='lat'>·</span> 
     </span>
     <span class='ocr_line' id='line_1_26' title="bbox 173 2998 1353 3078; baseline 0.003 -21"><span class='ocrx_word' id='word_1_210' title='bbox 173 3002 256 3058; x_wconf 89' lang='lat' dir='ltr'>mine</span> <span class='ocrx_word' id='word_1_211' title='bbox 278 3005 411 3076; x_wconf 74' lang='lat' dir='ltr'>tantum,</span> <span class='ocrx_word' id='word_1_212' title='bbox 447 2999 569 3058; x_wconf 90' lang='lat' dir='ltr'>alienus</span> <span class='ocrx_word' id='word_1_213' title='bbox 590 2998 712 3056; x_wconf 90' lang='lat' dir='ltr'>scilicet</span> <span class='ocrx_word' id='word_1_214' title='bbox 735 3017 752 3054; x_wconf 89' lang='lat' dir='ltr'>a</span> <span class='ocrx_word' id='word_1_215' title='bbox 777 3001 893 3074; x_wconf 89' lang='lat' dir='ltr'>spiritu</span> <span class='ocrx_word' id='word_1_216' title='bbox 915 2999 1086 3078; x_wconf 77' lang='lat' dir='ltr'>catholi003</span> <span class='ocrx_word' id='word_1_217' title='bbox 1118 3007 1151 3060; x_wconf 89' lang='lat' dir='ltr'>et</span> <span class='ocrx_word' id='word_1_218' title='bbox 1178 3007 1253 3060; x_wconf 88' lang='lat' dir='ltr'>tunc</span> <span class='ocrx_word' id='word_1_219' title='bbox 1275 3001 1353 3060; x_wconf 87' lang='lat' dir='ltr'>tole-</span> 
     </span>
     <span class='ocr_line' id='line_1_27' title="bbox 173 3095 1352 3176; baseline 0.003 -22"><span class='ocrx_word' id='word_1_220' title='bbox 173 3100 278 3155; x_wconf 85' lang='lat' dir='ltr'>rantia</span> <span class='ocrx_word' id='word_1_221' title='bbox 301 3098 344 3174; x_wconf 79' lang='lat'>(3)</span> <span class='ocrx_word' id='word_1_222' title='bbox 368 3096 545 3155; x_wconf 88' lang='lat' dir='ltr'>adhibenda</span> <span class='ocrx_word' id='word_1_223' title='bbox 576 3110 626 3154; x_wconf 87' lang='lat' dir='ltr'>est</span> <span class='ocrx_word' id='word_1_224' title='bbox 646 3115 725 3170; x_wconf 91' lang='lat' dir='ltr'>quae</span> <span class='ocrx_word' id='word_1_225' title='bbox 746 3099 780 3154; x_wconf 91' lang='lat' dir='ltr'>in</span> <span class='ocrx_word' id='word_1_226' title='bbox 802 3095 875 3154; x_wconf 83' lang='lat' dir='ltr'>aliis</span> <span class='ocrx_word' id='word_1_227' title='bbox 896 3101 991 3156; x_wconf 90' lang='lat' dir='ltr'>etiam</span> <span class='ocrx_word' id='word_1_228' title='bbox 1015 3099 1235 3176; x_wconf 88' lang='lat' dir='ltr'>permittendis</span> <span class='ocrx_word' id='word_1_229' title='bbox 1257 3099 1352 3158; x_wconf 86' lang='lat' dir='ltr'>malc-</span> 
     </span>
    </p>
   </div>
   <div class='ocr_carea' id='block_1_5' title="bbox 173 3337 1353 3944">
    <p class='ocr_par' dir='ltr' id='par_1_7' title="bbox 173 3337 1353 3944">
     <span class='ocr_line' id='line_1_28' title="bbox 239 3337 1352 3407; baseline 0.003 -17"><span class='ocrx_word' id='word_1_230' title='bbox 239 3339 282 3404; x_wconf 72' lang='lat' dir='ltr'>(I)</span> <span class='ocrx_word' id='word_1_231' title='bbox 301 3337 350 3390; x_wconf 89' lang='lat' dir='ltr'>lta</span> <span class='ocrx_word' id='word_1_232' title='bbox 371 3345 451 3392; x_wconf 87' lang='lat' dir='ltr'>recte</span> <span class='ocrx_word' id='word_1_233' title='bbox 478 3344 712 3406; x_wconf 82' lang='lat' dir='ltr'>argumentetur</span> <span class='ocrx_word' id='word_1_234' title='bbox 748 3357 765 3390; x_wconf 91' lang='lat' dir='ltr'>a</span> <span class='ocrx_word' id='word_1_235' title='bbox 800 3339 832 3392; x_wconf 80' lang='lat' dir='ltr'>S.</span> <span class='ocrx_word' id='word_1_236' title='bbox 853 3340 975 3407; x_wconf 78' lang='lat' dir='ltr'>Thomu,</span> <span class='ocrx_word' id='word_1_237' title='bbox 1008 3355 1061 3392; x_wconf 90' lang='lat' dir='ltr'>seu</span> <span class='ocrx_word' id='word_1_238' title='bbox 1083 3338 1121 3391; x_wconf 87' lang='lat' dir='ltr'>ab</span> <span class='ocrx_word' id='word_1_239' title='bbox 1151 3345 1274 3392; x_wconf 84' lang='lat' dir='ltr'>auctore</span> <span class='ocrx_word' id='word_1_240' title='bbox 1306 3339 1352 3393; x_wconf 87' lang='lat' dir='ltr'>De</span> 
     </span>
     <span class='ocr_line' id='line_1_29' title="bbox 173 3424 1351 3498; baseline 0.001 -18"><span class='ocrx_word' id='word_1_241' title='bbox 173 3426 282 3498; x_wconf 88' lang='lat' dir='ltr'>regim.</span> <span class='ocrx_word' id='word_1_242' title='bbox 309 3424 444 3498; x_wconf 85' lang='lat' dir='ltr'>Princrp.</span> <span class='ocrx_word' id='word_1_243' title='bbox 473 3427 543 3480; x_wconf 92' lang='lat' dir='ltr'>Lib.</span> <span class='ocrx_word' id='word_1_244' title='bbox 573 3427 597 3492; x_wconf 89' lang='lat' dir='ltr'>I,</span> <span class='ocrx_word' id='word_1_245' title='bbox 619 3444 644 3481; x_wconf 87' lang='lat' dir='ltr'>c.</span> <span class='ocrx_word' id='word_1_246' title='bbox 664 3427 710 3481; x_wconf 82' lang='lat'>14:</span> <span class='ocrx_word' id='word_1_247' title='bbox 743 3446 759 3478; x_wconf 76' lang='lat' dir='ltr'>c</span> <span class='ocrx_word' id='word_1_248' title='bbox 783 3427 906 3498; x_wconf 87' lang='lat' dir='ltr'>Semper</span> <span class='ocrx_word' id='word_1_249' title='bbox 930 3427 1086 3481; x_wconf 86' lang='lat' dir='ltr'>invenitur</span> <span class='ocrx_word' id='word_1_250' title='bbox 1107 3428 1159 3482; x_wconf 91' lang='lat' dir='ltr'>ille</span> <span class='ocrx_word' id='word_1_251' title='bbox 1192 3431 1230 3481; x_wconf 87' lang='lat' dir='ltr'>ad</span> <span class='ocrx_word' id='word_1_252' title='bbox 1262 3445 1351 3498; x_wconf 89' lang='lat' dir='ltr'>quem</span> 
     </span>
     <span class='ocr_line' id='line_1_30' title="bbox 174 3514 1351 3588; baseline 0 -18"><span class='ocrx_word' id='word_1_253' title='bbox 174 3515 308 3586; x_wconf 85' lang='lat' dir='ltr'>pertinet</span> <span class='ocrx_word' id='word_1_254' title='bbox 327 3515 457 3570; x_wconf 86' lang='lat' dir='ltr'>ultimus</span> <span class='ocrx_word' id='word_1_255' title='bbox 476 3514 556 3582; x_wconf 83' lang='lat' dir='ltr'>finis,</span> <span class='ocrx_word' id='word_1_256' title='bbox 579 3515 727 3586; x_wconf 86' lang='lat' dir='ltr'>imperare</span> <span class='ocrx_word' id='word_1_257' title='bbox 753 3515 954 3586; x_wconf 83' lang='lat' dir='ltr'>operantibus</span> <span class='ocrx_word' id='word_1_258' title='bbox 974 3535 1018 3584; x_wconf 82' lang='lat' dir='ltr'>ea,</span> <span class='ocrx_word' id='word_1_259' title='bbox 1039 3535 1116 3588; x_wconf 87' lang='lat' dir='ltr'>quae</span> <span class='ocrx_word' id='word_1_260' title='bbox 1136 3517 1174 3570; x_wconf 90' lang='lat' dir='ltr'>ad</span> <span class='ocrx_word' id='word_1_261' title='bbox 1195 3516 1286 3571; x_wconf 88' lang='lat' dir='ltr'>finem</span> <span class='ocrx_word' id='word_1_262' title='bbox 1307 3517 1351 3570; x_wconf 92' lang='lat' dir='ltr'>ul-</span> 
     </span>
     <span class='ocr_line' id='line_1_31' title="bbox 175 3603 1351 3678; baseline 0.002 -22"><span class='ocrx_word' id='word_1_263' title='bbox 175 3604 282 3658; x_wconf 90' lang='lat' dir='ltr'>timum</span> <span class='ocrx_word' id='word_1_264' title='bbox 303 3604 493 3658; x_wconf 88' lang='lat' dir='ltr'>ordinantur:</span> <span class='ocrx_word' id='word_1_265' title='bbox 515 3604 596 3658; x_wconf 88' lang='lat' dir='ltr'>siout</span> <span class='ocrx_word' id='word_1_266' title='bbox 616 3603 812 3678; x_wconf 84' lang='lat' dir='ltr'>gubernator,</span> <span class='ocrx_word' id='word_1_267' title='bbox 833 3606 980 3676; x_wconf 86' lang='lat' dir='ltr'>adquam</span> <span class='ocrx_word' id='word_1_268' title='bbox 1001 3605 1135 3676; x_wconf 86' lang='lat' dir='ltr'>pertinet</span> <span class='ocrx_word' id='word_1_269' title='bbox 1155 3605 1351 3676; x_wconf 83' lang='lat' dir='ltr'>gubernatio-</span> 
     </span>
     <span class='ocr_line' id='line_1_32' title="bbox 175 3687 1351 3766; baseline 0.002 -20"><span class='ocrx_word' id='word_1_270' title='bbox 175 3711 243 3746; x_wconf 87' lang='lat' dir='ltr'>nem</span> <span class='ocrx_word' id='word_1_271' title='bbox 263 3693 433 3763; x_wconf 85' lang='lat' dir='ltr'>disponere,</span> <span class='ocrx_word' id='word_1_272' title='bbox 467 3693 596 3762; x_wconf 88' lang='lat' dir='ltr'>imperat</span> <span class='ocrx_word' id='word_1_273' title='bbox 628 3692 665 3757; x_wconf 83' lang='lat' dir='ltr'>ei,</span> <span class='ocrx_word' id='word_1_274' title='bbox 686 3693 737 3764; x_wconf 91' lang='lat' dir='ltr'>qui</span> <span class='ocrx_word' id='word_1_275' title='bbox 772 3711 880 3747; x_wconf 84' lang='lat' dir='ltr'>navem</span> <span class='ocrx_word' id='word_1_276' title='bbox 909 3693 1080 3761; x_wconf 89' lang='lat' dir='ltr'>constituit,</span> <span class='ocrx_word' id='word_1_277' title='bbox 1102 3687 1222 3766; x_wconf 89' lang='lat' dir='ltr'>qualem</span> <span class='ocrx_word' id='word_1_278' title='bbox 1242 3712 1351 3749; x_wconf 85' lang='lat' dir='ltr'>navem</span> 
     </span>
     <span class='ocr_line' id='line_1_33' title="bbox 175 3781 1353 3856; baseline 0.002 -20"><span class='ocrx_word' id='word_1_279' title='bbox 175 3781 367 3852; x_wconf 80' lang='lat' dir='ltr'>navigationi</span> <span class='ocrx_word' id='word_1_280' title='bbox 389 3792 491 3853; x_wconf 85' lang='lat' dir='ltr'>aptam</span> <span class='ocrx_word' id='word_1_281' title='bbox 518 3782 619 3836; x_wconf 86' lang='lat' dir='ltr'>facere</span> <span class='ocrx_word' id='word_1_282' title='bbox 639 3783 768 3852; x_wconf 85' lang='lat' dir='ltr'>debeat;</span> <span class='ocrx_word' id='word_1_283' title='bbox 800 3783 877 3838; x_wconf 89' lang='lat' dir='ltr'>civis</span> <span class='ocrx_word' id='word_1_284' title='bbox 911 3793 1012 3839; x_wconf 87' lang='lat' dir='ltr'>eutem</span> <span class='ocrx_word' id='word_1_285' title='bbox 1037 3787 1088 3856; x_wconf 88' lang='lat' dir='ltr'>qui</span> <span class='ocrx_word' id='word_1_286' title='bbox 1120 3785 1217 3838; x_wconf 87' lang='lat' dir='ltr'>utitur</span> <span class='ocrx_word' id='word_1_287' title='bbox 1249 3787 1353 3852; x_wconf 85' lang='lat' dir='ltr'>armis,</span> 
     </span>
     <span class='ocr_line' id='line_1_34' title="bbox 174 3869 850 3944; baseline 0.007 -21"><span class='ocrx_word' id='word_1_288' title='bbox 174 3869 303 3942; x_wconf 86' lang='lat' dir='ltr'>imperat</span> <span class='ocrx_word' id='word_1_289' title='bbox 324 3871 420 3939; x_wconf 83' lang='lat' dir='ltr'>fabro,</span> <span class='ocrx_word' id='word_1_290' title='bbox 441 3872 546 3944; x_wconf 84' lang='lat' dir='ltr'>qualia</span> <span class='ocrx_word' id='word_1_291' title='bbox 569 3889 652 3926; x_wconf 85' lang='lat' dir='ltr'>arma</span> <span class='ocrx_word' id='word_1_292' title='bbox 672 3871 850 3928; x_wconf 76' lang='lat' dir='ltr'>fabricet».</span> 
     </span>
    </p>
   </div>
   <div class='ocr_carea' id='block_1_6' title="bbox 160 3979 1068 4069">
    <p class='ocr_par' dir='ltr' id='par_1_8' title="bbox 160 3979 1068 4069">
     <span class='ocr_line' id='line_1_35' title="bbox 160 3979 1068 4069; baseline 0.007 -37"><span class='ocrx_word' id='word_1_293' title='bbox 160 4061 163 4069; x_wconf 73' lang='lat'><em>,</em></span> <span class='ocrx_word' id='word_1_294' title='bbox 245 3979 282 4041; x_wconf 77' lang='lat'>(2)</span> <span class='ocrx_word' id='word_1_295' title='bbox 303 3979 363 4033; x_wconf 85' lang='lat' dir='ltr'>Pro</span> <span class='ocrx_word' id='word_1_296' title='bbox 384 3979 502 4034; x_wconf 86' lang='lat' dir='ltr'>defens.</span> <span class='ocrx_word' id='word_1_297' title='bbox 521 3979 614 4034; x_wconf 89' lang='lat' dir='ltr'>trium</span> <span class='ocrx_word' id='word_1_298' title='bbox 634 3998 700 4051; x_wconf 87' lang='lat' dir='ltr'>cap.</span> <span class='ocrx_word' id='word_1_299' title='bbox 721 3985 755 4040; x_wconf 90' lang='lat' dir='ltr'>L.</span> <span class='ocrx_word' id='word_1_300' title='bbox 776 3982 848 4049; x_wconf 83' lang='grc' dir='ltr'>ΧΠ,</span> <span class='ocrx_word' id='word_1_301' title='bbox 871 4000 894 4036; x_wconf 90' lang='lat' dir='ltr'>c.</span> <span class='ocrx_word' id='word_1_302' title='bbox 913 3985 939 4050; x_wconf 81' lang='lat'>2,</span> <span class='ocrx_word' id='word_1_303' title='bbox 960 3983 998 4036; x_wconf 87' lang='lat' dir='ltr'>ed</span> <span class='ocrx_word' id='word_1_304' title='bbox 1017 3983 1068 4038; x_wconf 90' lang='lat' dir='ltr'>fin.</span> 
     </span>
    </p>
   </div>
   <div class='ocr_carea' id='block_1_7' title="bbox 174 4086 1354 4251">
    <p class='ocr_par' dir='ltr' id='par_1_9' title="bbox 174 4086 1354 4251">
     <span class='ocr_line' id='line_1_36' title="bbox 245 4086 1354 4162; baseline 0 -20"><span class='ocrx_word' id='word_1_305' title='bbox 245 4087 282 4154; x_wconf 76' lang='lat'>(3)</span> <span class='ocrx_word' id='word_1_306' title='bbox 305 4087 424 4156; x_wconf 85' lang='lat' dir='ltr'>Duplex</span> <span class='ocrx_word' id='word_1_307' title='bbox 441 4086 648 4158; x_wconf 85' lang='lat' dir='ltr'>distinguitur</span> <span class='ocrx_word' id='word_1_308' title='bbox 667 4089 843 4158; x_wconf 86' lang='lat' dir='ltr'>tolerantia,</span> <span class='ocrx_word' id='word_1_309' title='bbox 865 4094 1000 4162; x_wconf 74' lang='lat' dir='ltr'>ecliptoso</span> <span class='ocrx_word' id='word_1_310' title='bbox 1022 4090 1142 4144; x_wconf 84' lang='lat' dir='ltr'>scilicet</span> <span class='ocrx_word' id='word_1_311' title='bbox 1161 4100 1191 4144; x_wconf 89' lang='lat' dir='ltr'>et</span> <span class='ocrx_word' id='word_1_312' title='bbox 1216 4094 1354 4160; x_wconf 81' lang='lat' dir='ltr'>politico.</span> 
     </span>
     <span class='ocr_line' id='line_1_37' title="bbox 174 4175 1354 4251; baseline 0.004 -21"><span class='ocrx_word' id='word_1_313' title='bbox 174 4175 336 4246; x_wconf 85' lang='lat' dir='ltr'>Religiosa</span> <span class='ocrx_word' id='word_1_314' title='bbox 357 4195 415 4230; x_wconf 90' lang='lat' dir='ltr'>uon</span> <span class='ocrx_word' id='word_1_315' title='bbox 438 4184 483 4230; x_wconf 88' lang='lat' dir='ltr'>est</span> <span class='ocrx_word' id='word_1_316' title='bbox 508 4177 567 4232; x_wconf 87' lang='lat' dir='ltr'>nisi</span> <span class='ocrx_word' id='word_1_317' title='bbox 594 4178 871 4234; x_wconf 88' lang='lat' dir='ltr'>indifferentismus</span> <span class='ocrx_word' id='word_1_318' title='bbox 892 4195 946 4234; x_wconf 87' lang='lat' dir='ltr'>seu</span> <span class='ocrx_word' id='word_1_319' title='bbox 966 4197 1059 4250; x_wconf 85' lang='lat' dir='ltr'>prava</span> <span class='ocrx_word' id='word_1_320' title='bbox 1079 4179 1134 4233; x_wconf 85' lang='lat' dir='ltr'>illa</span> <span class='ocrx_word' id='word_1_321' title='bbox 1153 4180 1257 4251; x_wconf 91' lang='lat' dir='ltr'>opinio</span> <span class='ocrx_word' id='word_1_322' title='bbox 1272 4181 1354 4235; x_wconf 86' lang='lat' dir='ltr'>dern-</span> 
     </span>
    </p>
   </div>
   <div class='ocr_carea' id='block_1_8' title="bbox 0 0 1622 4902">
    <p class='ocr_par' dir='ltr' id='par_1_10' title="bbox 0 0 1622 4902">
     <span class='ocr_line' id='line_1_38' title="bbox 0 0 1622 4902; baseline 0 1"><span class='ocrx_word' id='word_1_323' title='bbox 0 0 1622 4902; x_wconf 95' lang='lat' dir='ltr'> </span> 
     </span>
    </p>
   </div>
  </div>
 </body>
</html>
