3200 4890
269 271 326 326 aer
425 343 430 355 Ι

767 405 946 467 xxxvii.

278 557 280 566 “
351 548 388 606 In
411 547 526 606 iudicio*
543 545 758 623 appellationis
779 551 945 604 servantur
965 565 1001 605 ea
1022 565 1100 622 quae
1127 545 1317 607 Benedictus
1352 545 1452 620 XIV,

267 648 300 706 in
322 667 377 706 sua
399 644 626 705 Constitutione
647 645 697 704 Ad
720 645 885 702 militantes
905 644 946 702 30
961 645 1067 704 Martii
1083 647 1160 706 1742
1176 646 1332 724 praecepit
1347 645 1449 704 item-

275 764 334 821 que
354 744 447 803 huius
469 743 498 802 S.
519 741 774 818 Congregationis
802 741 966 801 Decretum
1002 743 1040 801 18
1073 741 1253 802 Decembris
1289 743 1378 816 1835,
1415 749 1453 801 et

269 843 376 902 littera
397 841 552 920 encyclica
575 843 590 898 1
613 841 751 916 Augusti
773 841 860 898 1851.

726 985 731 996 '
763 1013 957 1078 xxxviia

350 1155 526 1235 Appellatio
546 1153 611 1214 fieri
634 1153 726 1214 debet
747 1154 829 1213 intra
851 1156 952 1213 decem
973 1155 1040 1215 dies
1061 1176 1079 1213 a
1099 1161 1272 1216 sententiae
1297 1157 1442 1215 notifica-

271 1260 363 1331 u'one‚
385 1275 444 1331 quo
465 1253 594 1312 termino
614 1252 767 1312 inutiliter
788 1252 891 1330 elapso
912 1257 1066 1312 sententia
1087 1255 1259 1314 executioni
1283 1257 1377 1316 debet
1390 1257 1448 1314 de-

270 1353 419 1414 mandari.

780 1505 940 1565 XXXIX.

351 1647 446 1706 Facta
468 1648 552 1703 intra
573 1644 673 1702 decem
696 1643 762 1702 dies
773 1643 990 1724 appellatione,
1005 1643 1099 1704 Curia
1113 1645 1229 1724 absque
1244 1667 1328 1706 mora
1343 1654 1446 1709 trans·

274 1749 397 1806 mittere
419 1743 511 1804 debet
531 1743 570 1802 ad
591 1741 776 1819 superiorem
805 1743 1038 1802 ecclesiasticam
1076 1751 1258 1821 patestatem
1278 1748 1319 1806 ad
1353 1768 1448 1824 quam

270 1844 458 1922 appellatum
480 1849 527 1900 eet
548 1859 651 1900 omnes
674 1844 761 1908 aetus
782 1860 893 1900 causae
914 1841 1089 1918 originales,
1125 1834 1242 1904 scilieet
1273 1865 1448 1920 processum

271 1941 456 2014 restrictum,
478 1938 682 1998 defensionem
702 1943 735 1996 et
755 1939 949 1998 sententiam.

814 2093 883 2152 XL.

351 2237 493 2328 Potestas
529 2233 733 2293 ecclesiastiea
764 2232 901 2308 superior
937 2233 1152 2310 appellationis
1183 2234 1291 2294 habita
1311 2237 1449 2310 notitia,

271 2335 475 2412 appellantem
498 2339 598 2391 monet
619 2337 655 2390 ut
675 2332 757 2389 intra
779 2329 892 2407 viginti
914 2330 979 2389 dies
1000 2330 1187 2392 defensorem
1202 2333 1263 2392 sibi
1278 2335 1451 2394 constituat

270 2433 310 2492 ab
332 2433 436 2492 eadem
457 2431 610 2508 superiore
631 2435 784 2507 potestate
805 2429 1044 2506 approbandum.

807 2579 895 2638 XLI.

352 2720 382 2779 Si
408 2716 626 2796 peremptorius
648 2715 697 2774 hio
720 2715 868 2773 terminus
891 2713 1008 2774 frustra
1040 2713 1189 2787 elabatur,
1211 2721 1357 2774 consetur
1391 2737 1449 2794 ap-

273 2819 399 2896 pellans,
422 2813 616 2874 renunciasse
637 2813 852 2890 appallatmnis
874 2811 1017 2870 beneficio
1038 2819 1070 2870 et
1090 2833 1108 2870 a
1123 2817 1276 2889 potestate
1290 2813 1449 2890 superiore

272 2914 437 2992 appellatio
458 2921 677 2986 consequenter
698 2909 828 2996 edicitur
851 2914 1015 2986 perempta.

805 3061 913 3120 XLII.

280 3177 282 3181 .
356 3202 432 3268 Cum
454 3221 471 3258 a
494 3199 647 3258 sententia
669 3197 779 3257 Curiae
802 3195 991 3274 Episcopalis
1012 3194 1050 3254 fit
1069 3196 1234 3274 appellatio
1255 3196 1294 3254 ad
1330 3196 1451 3256 Metro-

273 3285 452 3374 p⁰lllanum,
474 3298 523 3356 hic
545 3297 576 3355 in
598 3296 804 3373 cognoscenda
825 3315 860 3355 aa
881 3295 1051 3354 dirimenda
1086 3312 1178 3353 causa
1212 3293 1450 3355 instructionem

272 3399 350 3458 hanc
371 3419 425 3458 oeu
448 3417 581 3456 normam
603 3398 635 3454 in
659 3414 800 3472 processu
822 3413 947 3453 servare
968 3391 1068 3452 debet.

794 3561 920 3620 XLIII.

356 3721 386 3780 Si
408 3720 568 3796 contingat
590 3715 740 3776 Olerioum
762 3718 867 3771 contra
889 3711 946 3769 fori
981 3709 1177 3788 privilegium
1207 3709 1328 3768 alaica
1366 3717 1452 3788 pote-

274 3827 356 3882 state
377 3823 415 3880 ob
436 3821 604 3878 eommunia
625 3813 750 3873 erimina
774 3813 927 3888 processui
949 3815 981 3869 et
1002 3808 1112 3870 iudicio
1126 3807 1248 3881 subiIoI,
1263 3807 1453 3870 Ordiuarius

274 3941 307 3981 eo
329 3924 360 3979 in
389 3937 461 3979 casu
497 3915 572 3975 facti
604 3911 757 3996 criminosi
788 3909 982 3985 summariam
1018 3906 1158 3968 notItiam
1179 3907 1264 3982 capit
1297 3909 1452 3984 simulque

276 4018 437 4098 perpendit
458 4021 561 4074 utrum
583 4014 622 4072 ad
643 4029 796 4070 sacrorum
820 4007 977 4066 Oanonum
1000 4003 1222 4081 praescriptum
1242 4002 1377 4064 infamia
1399 4012 1453 4065 aut

274 4114 488 4192 irregularitas
511 4119 566 4171 aut
585 4111 646 4170 alia
668 4107 873 4170 ecelesiastica
894 4103 1011 4162 sanctio
1032 4103 1127 4162 locum
1149 4099 1272 4166 habeat.
