3266 4896
1295 381 1346 436 169

260 509 376 588 Quoad
400 515 558 592 tempus
582 509 778 574 notandum:
804 507 919 574 Prima
942 514 1081 574 tonsura
1120 507 1240 592 quovis
1279 505 1343 592 die,

168 616 253 682 hora
275 623 310 680 et
332 616 405 682 loco
428 612 577 679 conferri
600 621 712 700 potest
736 620 746 696 (
773 619 793 696 ).

259 723 402 790 Ordines
425 721 571 789 minores
609 723 756 788 conferri
791 723 915 788 debent
953 723 1070 790 diebus
1093 723 1271 790 dominicis
1310 732 1346 789 et

167 829 305 896 festivis
328 829 522 915 duplicibus
544 829 649 896 etiam
672 827 870 915 suppressis,
896 830 953 894 sed
978 853 1076 896 mane
1100 837 1235 896 tantum
1258 834 1317 912 (2).

176 982 179 986 -
260 936 403 1003 Ordines
426 936 570 1002 maiores
592 933 629 1000 in
653 935 808 1001 Ecclesia
832 935 965 1020 Latina,
1003 936 1100 1002 iuxta
1134 944 1345 1023 praesentem

168 1041 398 1129 disciplinam,
423 1042 569 1109 conferri
592 1043 717 1108 debent
735 1043 772 1108 in
788 1042 945 1108 Sabbatis
962 1044 1114 1122 Quatuor
1130 1044 1342 1130 Temporum,

169 1150 329 1226 Sabbato·
344 1153 500 1219 Sitieatea
533 1175 592 1217 seu
616 1161 695 1216 ante
727 1151 942 1217 Dominioam
982 1151 1162 1236 Passionis,
1188 1151 1222 1218 et
1262 1152 1344 1218 Sab-

169 1257 250 1322 bato
273 1257 409 1325 Sancte.
433 1259 541 1344 Saepe
565 1281 646 1324 vero
668 1259 803 1324 ordines
827 1258 1051 1324 conferuntur
1072 1269 1168 1324 extra
1191 1266 1344 1344 tempora

167 1387 212 1430 ex
236 1365 488 1452 dispensatione
510 1367 543 1433 S.
568 1367 672 1449 Sedis;
698 1367 756 1432 sed
779 1374 861 1432 tuno
885 1367 940 1432 die
963 1366 1131 1434 dominica
1148 1367 1203 1432 vel
1220 1367 1344 1435 festiva

165 1471 212 1536 de
236 1481 417 1559 praecepto
439 1478 449 1554 (
474 1479 495 1557 ).
1286 1449 1296 1472 i

259 1581 449 1666 Regulares
471 1581 623 1667 gaudent
646 1580 828 1666 privilegio
852 1580 1058 1666 suscipiendi
1084 1581 1226 1647 Ordines
1244 1590 1342 1648 extra

166 1695 333 1775 tempora.
357 1687 447 1752 Huic
470 1687 653 1774 privilegio
676 1709 851 1771 nunquam
876 1687 945 1752 fuit
968 1688 1179 1772 derogatum,
1197 1700 1237 1753 ut
1252 1690 1343 1754 affir-

165 1793 278 1860 mavit
300 1793 457 1878 specialis
478 1793 705 1878 Oongregatio
728 1795 783 1876 (16
819 1793 899 1858 maii
942 1797 1041 1875 1725)
1081 1801 1115 1858 et
1155 1795 1344 1861 declaravit

164 1902 241 1988 ipse
265 1885 463 1966 Benedictus
487 1903 593 1977 XIII,
618 1901 655 1965 in
679 1895 782 1967 Ooncss
804 1902 902 1967 Rom.
927 1907 936 1983 (
962 1905 981 1982 ).

258 2008 373 2087 Quoad
397 2007 529 2075 locum
555 2007 656 2073 Oonc.
680 2007 784 2090 Trid,
808 2031 883 2073 sess
913 2008 1054 2094 XXIII,
1090 2033 1118 2074 o.
1141 2011 1172 2094 8,
1197 2009 1342 2075 statuit:

169 2141 190 2174 ι
216 2113 453 2180 Ordinationes
477 2113 535 2180 SS.
560 2113 736 2199 Ordinum,
762 2113 903 2182 statutis
927 2139 946 2180 a
970 2116 1043 2180 iure
1068 2117 1285 2201 temporibus,
1303 2115 1341 2183 in

166 2219 368 2286 Oathedrali
392 2221 553 2306 Ecclesia,
579 2220 707 2286 vocatis
738 2221 973 2306 praesentibus
1013 2223 1056 2287 ad
1096 2223 1129 2288 id
1170 2223 1343 2289 Ecclesiae

166 2325 359 2412 Canonicis,
384 2327 519 2413 publice
541 2329 763 2393 celebrentur.
789 2328 824 2393 Si
864 2337 978 2394 autern
1018 2328 1056 2393 in
1079 2329 1146 2394 alio
1183 2329 1343 2396 dioecesis

164 2435 250 2518 loco,
291 2441 468 2518 praesente
492 2435 580 2500 clero
618 2433 693 2515 loci,
733 2434 879 2520 dignior,
904 2443 1070 2520 quantum
1095 2436 1169 2501 fieri
1205 2436 1341 2522 poterit,

168 2542 323 2608 Ecclesia
346 2565 479 2628 semper
501 2544 643 2608 adeatur
667 2571 696 2608 s.
721 2543 831 2608 Hodie
865 2551 980 2608 tamen
1019 2567 1061 2609 ex
1100 2544 1342 2610 consuetudine

165 2649 339 2716 ordinatio
361 2651 478 2716 haberi
503 2659 614 2736 potest
637 2651 738 2716 etiam
764 2650 801 2716 in
825 2651 966 2736 Capella
989 2651 1135 2738 privata.

260 2758 310 2822 13.
338 2757 554 2830 lnterstitia
578 2765 659 2822 sunt
681 2781 721 2822 ea
754 2757 917 2842 temporis
941 2759 1124 2824 intervalla
1149 2781 1235 2844 quae
1252 2759 1343 2826 inter

165 2885 275 2930 unum
294 2871 328 2928 et
351 2865 457 2929 alium
480 2863 633 2930 ordinem
656 2865 834 2930 decurrere
857 2865 991 2930 debent.
1016 2866 1211 2932 Interstitia
1251 2865 1340 2931 ordi-

165 2993 250 3036 num
273 2969 441 3054 minorum
465 2995 507 3036 ex
534 2969 637 3035 Trid..
661 2993 738 3036 sess.
762 2971 880 3054 XXII,
895 2994 922 3036 c.
937 2975 988 3055 11,
1007 2973 1049 3036 de
1066 2972 1178 3057 refer,
1196 2971 1339 3038 arbitrio

164 3074 317 3161 episcopi
342 3075 591 3160 relinquuntur.

258 3183 495 3248 Amicoribus
517 3185 563 3248 ud
584 3185 860 3249 subdiaconatum
894 3183 1116 3268 requiruntur
1155 3183 1342 3250 interstitia

165 3289 270 3356 unius
292 3289 383 3375 anni,
419 3294 464 3372 (5)
491 3289 557 3355 nisi
580 3291 761 3356 necessitas
784 3298 844 3357 aut
867 3291 1038 3358 Ecclesiae
1061 3291 1193 3357 utilitas
1217 3315 1259 3356 ex
1292 3293 1341 3357 iu-

163 3396 257 3462 dicio
279 3397 426 3484 episcopi
451 3398 544 3486 aliud
567 3405 733 3483 exposcat.

240 3592 282 3663 (1)
301 3592 417 3648 Pontis.
436 3593 522 3649 Rom.

239 3680 281 3748 (2)
300 3679 329 3735 S.
348 3679 385 3736 R.
405 3679 446 3746 0.,
468 3681 501 3734 12
519 3678 595 3735 Nov.
616 3681 694 3748 1831,
714 3681 731 3733 6
751 3678 825 3733 Maii
847 3680 925 3734 1833.

242 3787 283 3855 (3)
305 3788 440 3858 Antiqua
453 3804 551 3856 poena
562 3785 774 3856 suspensionis
787 3785 928 3839 ordinato
943 3791 1177 3858 extratempora
1188 3787 1254 3858 ipso
1274 3787 1340 3846 iure

161 3873 289 3930 ‘inflicta
307 3875 397 3930 hodie
411 3875 560 3944 abrogata
581 3881 635 3941 est,
651 3874 755 3934 Oonst.
767 3875 848 3928 enim
869 3895 884 3926 «
900 3877 1000 3943 etpost.
1020 3877 1105 3932 Sedis
1118 3894 1134 3926 »
1149 3877 1185 3930 de
1200 3893 1236 3929 ea
1249 3882 1342 3930 tacet

166 3964 233 4022 Ofr.
252 3966 346 4024 Sonti.
367 3966 388 4022 1.
406 3964 430 4033 Ι,
451 3965 498 4018 tit.
519 3966 561 4031 11,
583 3982 611 4018 n.
629 3965 676 4030 62;
694 3966 855 4033 Gaapcrri,
877 3965 896 4018 l.
912 3982 935 4020 c.
951 3967 1037 4034 n.81;
1062 3969 1172 4032 Wernz,
1187 3965 1228 4030 ΙΙ,
1249 3983 1277 4020 n.
1296 3967 1351 4030 67.Ι

240 4073 281 4143 14)
321 4071 386 4128 011.
406 4075 671 4139 Benarni-Palm,
692 4089 720 4128 n.
740 4073 783 4127 55.

240 4179 279 4247 (ὃ)
299 4178 359 4232 Hic
389 4178 576 4248 intelligitur
602 4195 700 4233 annus
729 4177 968 4247 ecclesiasticum
1000 4176 1112 4232 sufficit
1143 4195 1216 4248 ergo
1235 4171 1340 4234 'annus

168 4267 352 4324 naturaliter
374 4267 575 4339 incompletus
600 4268 625 4322 si
648 4287 674 4324 v.
694 4287 738 4338 gr.
759 4285 837 4322 anno
871 4269 1047 4340 insequenti
1069 4267 1188 4322 Pascha
1208 4268 1341 4326 celerius

164 4359 337 4414 advenerit.
357 4356 419 4414 Cir.
445 4360 545 4414 Weraz
564 4357 608 4428 II,
628 4375 657 4413 n.
675 4359 718 4424 63,
740 4365 800 4411 not.
821 4359 864 4413 79.
1325 4359 1327 4364 '
