3266 4896
1290 379 1340 434 116

261 506 460 570 Praeterea:
494 501 531 567 in
571 503 740 587 praesenti
768 502 979 570 ordinatione
1002 502 1162 569 Statuam
1189 504 1340 570 utactio

170 611 345 677 Ecclesiae
384 633 463 676 vere
501 611 545 675 sit
568 611 697 695 efficax,
738 609 961 675 necessarium
984 618 1036 674 eet
1058 619 1098 674 ut
1119 610 1259 676 evidens
1281 633 1339 696 ap-

170 728 288 806 pareat
324 720 397 786 eiue
423 720 562 785 libertae
596 721 639 785 ab
669 719 803 785 influxu
840 719 1005 805 principie
1043 719 1259 786 territorialie
1281 719 1339 806 qui

168 828 311 894 influere
349 830 453 894 vellet
491 829 545 894 vel
575 827 627 893 sui
663 828 786 914 gratia,
825 828 880 893 vel
916 827 1168 894 foederatorum
1191 851 1337 914 suorum,

172 942 289 1002 contra
327 936 484 1020 reliquos,
523 935 589 1000 nisi
628 935 789 1002 Pontifex
827 941 914 1000 esset
948 934 984 1000 in
1015 942 1134 1020 aperta
1157 933 1339 1000 inimicitia

170 1066 257 1122 cums
271 1067 351 1130 rege
374 1043 582 1128 territoriali,
618 1043 707 1128 quod
741 1041 930 1110 non⁹³³eeeet
953 1043 1108 1109 naturale
1130 1043 1187 1108 sed
1212 1042 1338 1108 violen-

172 1157 303 1216 tumet
326 1150 466 1236 insuper
490 1155 714 1234 cummagno
737 1151 861 1216 damno
878 1150 1000 1236 populi
1025 1150 1167 1216 subiecti
1190 1149 1241 1215 illi
1265 1149 1337 1236 regi

169 1256 229 1343 qui
263 1281 305 1322 ex
343 1280 404 1322 sua
438 1255 627 1322 conditione
661 1255 793 1323 hostilis
827 1280 898 1322 ease
933 1255 1069 1342 cogitur
1094 1257 1130 1322 in
1161 1257 1338 1323 Summum

171 1362 366 1430 Pontificem
390 1366 443 1447 (1).

260 1469 540 1534 Concludendum
562 1467 671 1554 igitur
700 1467 836 1534 civilem
861 1468 895 1534 S.
920 1468 1016 1536 Sedis
1040 1468 1270 1554 principatum
1294 1471 1337 1535 R.

169 1575 392 1641 Pontificibus
408 1575 514 1642 fuisse
530 1574 694 1661 singulari
712 1575 850 1640 divinae
871 1575 1102 1660 providentiae
1130 1575 1268 1642 concillo
1292 1579 1339 1659 (2)

167 1682 287 1746 datum
321 1690 360 1747 ut
383 1684 531 1750 medium
570 1683 793 1749 necessarium
832 1684 875 1748 ad
912 1684 1074 1749 tuendam
1111 1684 1338 1769 independen-

169 1787 254 1853 tiam
276 1797 310 1854 et
333 1789 559 1856 omnimodam
582 1789 774 1855 libertatem
799 1791 981 1855 eorundem
1012 1813 1073 1876 pro
1097 1791 1253 1856 universa
1277 1791 1339 1856 Ec*

170 1895 273 1961 clesia
296 1898 444 1982 regenda
467 1900 522 1980 (3).

239 2093 284 2164 (1),
302 2090 364 2147 Ofr.
385 2092 542 2163 Cuvayuir,
564 2093 653 2149 Della
673 2099 783 2146 natura
797 2092 827 2146 di
847 2093 964 2148 sociata
983 2092 1137 2161 giuridica
1157 2110 1172 2146 6
1193 2093 1338 2162 pubblica

172 2188 363 2253 competente
383 2181 446 2236 alla
465 2181 585 2250 Ghiesa,
600 2201 663 2254 cap.
683 2185 711 2238 3.
729 2182 806 2236 Vide
827 2182 941 2253 pariter
960 2182 1138 2253 opusculum
1160 2203 1172 2229 ‹
1192 2181 1234 2236 Le
1256 2183 1337 2254 Papa

173 2277 203 2324 61
230 2269 258 2325 16
289 2269 426 2340 Gongrbs
445 2289 461 2321 »
493 2271 574 2341 quod
593 2271 705 2342 prodiit
726 2289 773 2324 an.
805 2272 875 2326 1860
893 2270 1013 2342 quando
1044 2270 1143 2339 magia
1162 2271 1338 2340 agitabatur

167 2359 311 2431 quaestio
330 2376 463 2426 romana,
484 2359 538 2414 ubi
560 2352 640 2414 inter
654 2361 714 2414 alia
752 2359 953 2426 scribebatur,
973 2358 1044 2432 §IL
1064 2361 1088 2426 6,
1110 2361 1141 2414 7:
1162 2384 1176 2410 α
1190 2362 1239 2415 Au
1252 2363 1338 2433 point

170 2449 209 2502 de
229 2465 288 2502 une
308 2448 466 2520 politique,
495 2448 517 2502 il
536 2455 585 2504 eet
605 2450 777 2504 necessaire
798 2467 855 2519 qua
876 2449 904 2504 le
924 2447 996 2503 chef
1013 2448 1048 2502 de
1069 2447 1149 2502 deux
1168 2456 1253 2504 cents
1272 2451 1338 2505 mil·

170 2517 255 2591 lions
275 2537 310 2591 de
332 2535 523 2610 catholiquee
543 2537 779 2610 n'appartienne
800 2538 991 2608 apereonna
1011 2536 1093 2607 qu'il
1106 2537 1215 2591 nescit
1234 2538 1337 2594 subor-

125 2644 126 2648 ’
173 2625 273 2680 donne
293 2625 310 2680 a
330 2643 446 2680 aucune
467 2625 637 2696 puieeance,
669 2634 699 2682 et
727 2644 783 2698 que
811 2626 841 2680 la
860 2626 941 2680 main
963 2632 1092 2694 auguste
1112 2625 1163 2697 qui
1184 2644 1336 2696 gouverne

167 2713 326 2780 lestines,
348 2715 471 2768 n'etant
491 2715 551 2770 lieo
571 2734 624 2786 par
643 2734 760 2770 aucune
781 2715 985 2786 dependence,
1005 2713 1108 2786 puieea
1128 2715 1151 2769 s’
1166 2715 1267 2770 elaver
1286 2735 1336 2771 au·

169 2804 263 2859 desen
282 2808 318 2860 de
338 2811 440 2858 toutes
455 2793 504 2859 les
527 2807 669 2876 passione
688 2805 858 2860 humainee.
877 2805 908 2860 Si
930 2803 956 2859 le
972 2805 1054 2876 Papa
1074 2803 1184 2859 n¹ttait
1196 2823 1250 2876 pas
1270 2823 1335 2860 eou-

166 2893 274 2948 veruin
296 2893 502 2963 independaut
522 2895 544 2948 il
559 2897 652 2949 serait
672 2894 828 2964 Francais,
841 2893 1030 2961 Autrichien,
1048 2894 1203 2964 Eepagnol
1223 2912 1261 2948 ou
1276 2895 1335 2950 Ita·

92 2971 96 2977 ’
166 2983 240 3050 lien,
261 2990 291 3037 et
310 2983 338 3037 lo
358 2984 430 3037 titre
451 2985 487 3037 de
508 3001 542 3038 aa
561 2983 751 3046 nationalite,
772 2983 816 3038 lui
832 2983 999 3038 enleverait
1013 2982 1041 3036 le
1056 2990 1208 3038 caractere
1229 2985 1333 3038 deson

165 3073 327 3145 pontificat
344 3074 498 3128 universal
520 3093 544 3130 1.

239 3182 281 3252 (2)
302 3181 365 3238 811.
384 3187 535 3246 Pulmieri,
556 3185 599 3238 De
620 3183 749 3239 Roman.
768 3183 927 3248 Pontifice;
939 3183 1067 3250 6166616,
1081 3199 1127 3252 op.
1151 3183 1200 3237 cit.
1221 3182 1244 3248 Ι,
1260 3199 1288 3236 n.
1302 3182 1336 3236 76

164 3278 199 3326 et
223 3288 305 3342 eeqq.

240 3377 280 3449 (3)
302 3377 388 3434 Haec
411 3377 478 3432 iura
498 3395 634 3432 asserere
658 3387 688 3434 et
713 3379 868 3434 vindicare
885 3395 1046 3449 numquam
1067 3377 1337 3449 praetermiserunt

168 3463 401 3535 R.Pontificee;
420 3473 450 3520 et
471 3468 629 3521 innumera
649 3468 829 3522 documenta
860 3467 897 3521 ad
928 3467 1004 3520 haec
1033 3465 1135 3520 cadem
1168 3465 1235 3520 iura
1254 3471 1337 3520 sarta

170 3561 312 3626 tectaque
340 3556 489 3609 servanda
508 3573 525 3608 a
546 3559 597 3612 Pio
621 3558 690 3623 VII,
711 3560 763 3612 Pio
783 3559 830 3612 IX
847 3562 876 3610 et
898 3559 993 3612 Leone
1012 3557 1099 3610 XIII
1115 3555 1301 3625 prodierunt.

240 3645 287 3698 Ad
307 3647 395 3699 Pium
417 3646 463 3700 IX
482 3645 562 3716 quod
585 3646 697 3700 attinet
716 3645 862 3700 habemus
881 3662 963 3715 prop.
983 3645 1141 3698 damnatas
1161 3643 1192 3696 in
1214 3643 1337 3714 Syllabo

163 3740 199 3788 et
220 3733 515 3788 interitusque:
548 3734 751 3803 ‹Abrogatio
784 3733 886 3789 civilis
918 3731 1037 3804 imperii
1070 3750 1127 3802 quo
1160 3732 1337 3802 Apostolica

167 3821 265 3879 Sedes
285 3821 400 3893 potitur
419 3823 458 3876 ad
478 3823 635 3878 Ecclesiae
660 3823 833 3877 libertatem
865 3821 1106 3892 felicitatemque
1138 3823 1186 3874 vel
1206 3821 1336 3876 maxime

165 3911 396 3968 conduceret».
417 3911 478 3966 ufr.
499 3913 723 3984 pariterAlloc.
743 3915 882 3976 «Quibus
900 3915 1077 3982 quantisque
1088 3929 1111 3977 »,
1121 3911 1157 3964 20
1167 3911 1238 3980 Apr.
1259 3911 1337 3980 18493

164 4001 266 4058 Alloc.
289 4025 300 4051 ι
316 4004 348 4058 Si
363 4019 480 4071 semper
499 4006 624 4066 autea»,
637 4003 673 4056 20
686 4001 760 4056 Maii
776 4002 857 4068 1850;
872 4001 946 4075 Litt.
959 4005 1055 4070 apost.
1070 4021 1084 4050 «
1098 4001 1171 4055 Cum
1184 4000 1336 4056 Catholicis

170 4091 725 4160 Ε6616616>,26Μ611.1860;Α1166.
758 4112 773 4142 a
793 4093 894 4146 Novus
914 4108 940 4158 »,
963 4089 998 4142 20
1018 4089 1098 4158 Sept.
1119 4089 1207 4156 1860;
1239 4089 1336 4162 Alloc.

168 4202 187 4233 a
197 4183 385 4236 Iamdudum
397 4199 420 4248 »‚
434 4181 466 4234 18
477 4180 566 4234 Mart.
578 4181 656 4248 18613
675 4181 772 4234 Alloc.
791 4200 806 4231 «
818 4182 956 4234 Maxima
967 4181 1086 4249 quidem
1100 4195 1124 4244 a,
1143 4178 1160 4230 9
1175 4177 1245 4232 Iun.
1260 4179 1337 4234 1862.

239 4273 345 4326 Leonte
364 4272 452 4325 XIII
463 4269 516 4324 cfr.
535 4271 649 4340 encycl.
671 4267 1166 4337 «166616166111»,28Αρ1.1878;
1186 4265 1336 4322 86111166

163 4358 247 4414 cath.
267 4359 383 4428 epham.
403 4358 576 4430 scriptores,
596 4361 631 4413 22
650 4359 722 4414 Feb.
743 4359 830 4435 1879;
861 4357 941 4410 idern
967 4357 1001 4408 24
1020 4357 1093 4426 Apr.
1112 4357 1180 4410 1881
1206 4357 1244 4410 ad
1263 4345 1338 4414 roini

166 4447 250 4503 cath.
271 4447 444 4515 societatem
463 4448 550 4503 alloc.
569 4447 704 4502 habitam
735 4448 766 4500 in
787 4445 970 4500 6611616124
989 4445 1077 4499 Mart.
1098 4445 1175 4500 1884.
