3266 4896
1284 321 1337 380 159

247 449 342 514 Laici
367 452 413 532 (1)
437 447 599 514 dicuntur
625 470 740 514 omnes
763 449 878 514 fideles
907 447 1073 534 baptizati
1105 447 1164 534 qui
1189 455 1334 533 utraque

152 564 341 644 postestate
362 555 493 623 ordinis
525 563 559 620 et
581 554 827 623 iurisdictionis
853 566 980 624 carent.
1331 625 1332 628 ,

163 645 166 652 ‚
248 665 299 730 De
321 664 374 728 his
397 687 439 728 ex
474 661 623 750 professo
644 685 712 729 non
736 662 969 738 tractabimus.
1002 647 1058 730 Ad
1093 685 1209 728 eorum
1233 683 1333 748 pecu-

154 771 258 836 liares
292 770 517 856 obligationes
546 771 635 857 quod
669 769 795 836 attinet
829 770 908 836 vide
950 769 1041 855 apud
1076 769 1250 854 theologos
1275 761 1335 851 (2),

156 877 342 966 praecipua
365 883 479 946 autem
502 877 579 942 iura
612 877 735 964 quibus
762 877 914 964 gaudent
948 883 1049 954 sunt:
1085 877 1331 960 adsectationis,

151 985 364 1067 advocatiae,
384 992 599 1068 patronatus.

248 1093 279 1155 3.
303 1093 365 1155 Ias
387 1091 623 1156 adsectationis
645 1089 682 1156 in
704 1113 743 1156 eo
766 1097 817 1155 est
841 1097 880 1156 ut
904 1090 1019 1155 fideles
1036 1088 1176 1154 consilia
1192 1097 1227 1153 et
1242 1088 1332 1153 vires
1381 1082 1384 1088 ’

156 1204 278 1264 mutuo
299 1197 336 1260 in
359 1219 394 1262 se
409 1197 588 1262 conferant
609 1197 645 1262 in
667 1197 821 1263 ordinem
845 1197 886 1262 ad
911 1197 1059 1282 aliquem
1079 1197 1181 1262 finem
1204 1195 1331 1282 specia-

156 1306 235 1372 lem.
259 1305 320 1368 Ius
344 1303 580 1369 adsociatiouis
604 1303 771 1370 fundatur
793 1303 831 1370 in
853 1303 928 1390 ipsa
951 1302 1096 1368 hominis
1110 1309 1332 1386 naturaquae

151 1409 382 1482 essentialiter
403 1409 536 1488 socialis
560 1417 610 1475 est
650 1413 695 1494 (3)
720 1420 755 1476 et
777 1409 998 1476 determinari
1029 1417 1141 1496 potest
1164 1411 1207 1474 ad
1230 1408 1331 1474 socie-

156 1503 246 1583 tates
271 1517 388 1583 civiles
422 1517 477 1582 vel
500 1516 675 1603 religiosas
709 1503 768 1602 (4).
792 1517 827 1584 Si
853 1517 971 1584 civiles
995 1523 1202 1604 spectantur,
1238 1515 1332 1600 ipsae

157 1625 308 1713 pendent
342 1624 384 1690 ab
422 1625 625 1691 auctoritate
663 1624 769 1710 civili,
806 1625 833 1691 si
860 1625 1038 1712 religiosae
1062 1626 1105 1690 ab
1128 1622 1332 1690 auctoritate

151 1733 395 1800 ecclesiastica.

247 1841 279 1906 4.
304 1842 463 1920 Daiara
496 1843 692 1907 advocatiae
713 1865 770 1910 cca
794 1845 995 1929 defensionis
1018 1842 1107 1928 quod
1133 1846 1265 1928 spectat
1288 1837 1331 1904 ad

152 1947 357 2034 principem,
380 1946 511 2012 scilicet
548 1948 589 2012 de
626 1947 700 2014 iure
735 1957 770 2014 et
805 1949 916 2015 officio
939 1947 1105 2034 principis
1127 1943 1331 2014 defendendi

158 2053 357 2138 Ecclesiam,
393 2053 463 2120 iam
486 2053 635 2120 vidimus
668 2055 705 2120 in
740 2055 815 2121 iure
845 2055 992 2141 publico.
1029 2055 1173 2140 Aliquid
1197 2059 1331 2118 tantuin

229 2276 270 2344 (l)
302 2275 493 2329 Vocabulum
524 2281 620 2333 laicas
650 2297 667 2332 a
700 2296 811 2348 graeco
833 2277 979 2332 idiomate
1003 2269 1082 2352 λαός,
1105 2281 1249 2346 popalus,
1282 2275 1330 2329 de-

151 2375 284 2428 rivatur:
304 2371 382 2443 quod
415 2374 445 2428 S.
465 2377 571 2430 Petrae
602 2375 631 2428 in
663 2376 760 2446 prima
785 2375 925 2446 epistola,
960 2393 985 2430 c.
1014 2375 1075 2441 ΙΙΙ,
1094 2393 1120 2428 v..
1143 2377 1183 2440 10,
1204 2374 1330 2429 adhibet

156 2463 285 2534 loquens
306 2463 342 2517 de
361 2462 505 2517 universo
525 2465 635 2534 populo
655 2463 790 2519 fidelium
812 2465 1059 2520 christianorum.
1079 2465 1153 2518 Iade
1175 2471 1331 2520 ortumest

153 2567 284 2623 verbum
307 2560 380 2628 λαός
403 2580 462 2634 quo
487 2562 547 2616 iam
566 2563 664 2652 utitur
686 2565 716 2620 S.
736 2566 877 2632 Clemens,
900 2566 1002 2630 litor,
1034 2583 1059 2622 c.
1086 2567 1130 2620 40.
1164 2565 1330 2636 Postquam

154 2701 174 2736 a
203 2682 232 2737 S.
265 2681 380 2735 Iustino
414 2691 467 2744 par
493 2673 552 2728 iter
583 2673 712 2743 populus
744 2673 932 2732 christianus
958 2675 1130 2746 appellatus
1157 2681 1202 2730 est
1248 2667 1329 2749 λαός,

155 2781 229 2838 inde
250 2797 267 2831 a
287 2785 421 2844 tempora
455 2777 642 2842 Tertulliani,
675 2771 720 2826 De
739 2773 815 2842 suga
836 2773 866 2828 in
888 2793 1010 2844 perseo,
1041 2776 1083 2845 ll,
1114 2776 1221 2830 «laici
1244 2796 1258 2826 »
1278 2793 1331 2846 per

155 2868 278 2924 modum
299 2865 424 2932 stabilis
452 2861 688 2930 terminologiae
719 2862 862 2918 dicuntur
881 2863 988 2919 fideles
1021 2883 1038 2918 a
1069 2865 1150 2919 clero
1179 2865 1332 2923 distincti.

151 2957 205 3015 cf.
228 2959 349 3022 Waraa,¹
369 2973 415 3026 op.
436 2953 487 3008 cit.
506 2960 578 3010 tom.
598 2951 640 3022 ll,
661 2970 689 3007 n.
708 2954 736 3022 9,
756 2961 817 3009 not.
836 2955 861 3010 6.

228 3064 270 3135 (a)
291 3062 352 3118 afr.
371 3065 506 3128 Piscctta,
527 3067 598 3115 tom.
623 3060 649 3128 1,
669 3066 757 3116 tract.
775 3060 827 3127 IV,
848 3061 927 3132 disp.
946 3063 971 3117 I.

229 3169 272 3239 (3)
292 3172 455 3238 Taparciii,
476 3186 524 3238 op.
546 3167 597 3224 cit.
616 3167 675 3224 vol.
695 3169 718 3234 Ι,
739 3167 812 3224 diss.
834 3169 865 3223 II
894 3173 1073 3237 Liberatore,
1106 3173 1325 3243 Compendium

153 3261 234 3318 iuris
254 3266 391 3325 naturae,
412 3277 437 3313 o.
457 3257 514 3323 ΙΙΙ,
533 3276 565 3313 n.
587 3257 611 3314 Ι.

228 3365 270 3440 (4)
288 3365 336 3420 Ab
357 3363 584 3435 antiquissimis
603 3363 792 3435 temporibus
813 3365 843 3418 in
872 3367 1012 3420 Ecclesia
1041 3367 1252 3421 huiuscemodi
1285 3386 1330 3422 so·

131 3459 285 3521 „cietates
318 3454 495 3510 extiterunt.
515 3455 555 3508 Et
574 3453 646 3506 hinc
666 3453 732 3507 iure
752 3455 860 3509 merito
882 3459 939 3511 Lac
959 3459 1047 3512 XIII
1058 3457 1088 3510 in
1108 3457 1222 3510 litteris
1242 3477 1258 3509 «
1272 3461 1334 3513 Aa·⁴

154 3550 343 3622 castissimae
357 3563 381 3612 »‚
396 3542 458 3598 diei
480 3545 513 3597 12
537 3550 612 3612 sept.
632 3543 710 3597 1897:
730 3563 745 3594 a
766 3543 929 3614 Multiplex
949 3547 1079 3615 (autem)
1097 3545 1175 3598 ratio
1195 3551 1249 3612 est,
1271 3565 1330 3618 qua

150 3635 301 3692 catholici
320 3633 460 3688 homines
480 3638 645 3686 societates
672 3630 845 3685 huiusmodi
867 3632 1084 3687 saluberrimas
1104 3632 1183 3687 inire
1203 3635 1330 3693 solent...

155 3723 300 3780 Profecto
319 3723 394 3778 haec
414 3721 517 3776 omnia
537 3719 595 3774 etsi
617 3719 749 3786 nomine,
767 3719 866 3773 torma
886 3728 939 3774 aut
959 3739 1013 3775 suo
1027 3737 1164 3792 quaeque
1181 3722 1328 3793 peculiari

152 3831 192 3868 ac
211 3814 348 3883 proximo
367 3809 427 3866 fine
446 3827 553 3865 recena
573 3809 699 3863 inventa
719 3825 786 3863 esse
807 3809 978 3876 videantur,
997 3827 1029 3864 re
1049 3817 1151 3864 tamen
1172 3810 1239 3881 ipsa
1258 3821 1330 3868 sunt

153 3898 383 3971 antiquissima.
402 3900 530 3955 Constat
550 3897 631 3952 enim
652 3897 682 3950 in
709 3895 786 3968 ipsis
806 3896 992 3952 christianae
1012 3898 1174 3968 religionis
1194 3900 1329 3958 exordiis

152 3987 224 4042 eius
244 3987 367 4058 generis
399 3987 581 4042 societatum
612 3985 917 4057 vestigia'reperiri.
947 3987 1052 4042 Serius
1084 3994 1186 4042 autem
1206 3988 1329 4059 legibus

155 4075 363 4146 confirmatae,
384 4075 450 4130 auis
470 4075 636 4130 distinctae
671 4075 780 4145 signis,
814 4075 989 4147 privilegiis
1020 4078 1161 4145 donatae,
1191 4077 1330 4134 divinum

153 4164 195 4221 ad
214 4164 329 4220 cultum
350 4165 381 4218 in
400 4164 526 4238 templis
545 4163 712 4232 adhibitae,
733 4169 785 4220 aut
805 4166 917 4221 animis
931 4167 1147 4239 corporibusve
1163 4167 1330 4224 sublevan-

153 4255 205 4310 dis
224 4253 400 4309 destinatae
432 4254 528 4310 variis
556 4253 741 4322 nominibus,
755 4272 808 4326 pro
829 4257 914 4312 varia
934 4265 1069 4328 tempore
1090 4257 1208 4312 ratione
1228 4258 1330 4330 appel·

154 4346 237 4401 latas
257 4349 328 4399 sunt
346 4361 372 4401 ».
