3234 4902
1261 317 1308 370 ὅθ

212 444 273 509 IV.
300 445 518 529 Pricilcyicm
554 437 789 528 competentiae
822 464 889 526 quo
928 441 1050 508 clerici.
1075 463 1152 506 aere
1186 439 1297 506 alieno

121 549 258 636 gravati
282 571 393 636 neque
426 550 585 626 libertate
609 549 739 636 privari
762 557 913 634 possunt,
943 571 1053 634 neque
1077 547 1120 612 iis
1143 570 1230 633 quae
1252 548 1296 613 ad

119 657 298 723 honestam
322 656 603 722 sustentationem
627 656 816 722 necessaria
840 664 920 722 sunt
945 659 1004 740 (1).

211 763 362 830 Maxima
399 763 598 830 immunitas
633 763 796 848 competit
833 771 948 830 autem
988 763 1021 830 S.
1047 761 1217 847 Pontifici,
1257 769 1298 828 ut

121 870 238 956 Capiti
261 870 391 936 visibili
416 869 598 936 Ecclesiae.
626 897 644 931 a
681 870 797 936 Prima
832 871 926 936 sedes
965 891 1033 936 non
1067 869 1240 936 iudicatur
1276 891 1307 934 a-

120 1000 254 1062 quoque
279 983 365 1060 (can,
393 980 422 1062 7,
446 977 478 1042 d.
503 981 581 1060 21);
616 999 726 1062 neque
749 978 792 1042 ab
815 978 983 1063 Augusto,
1008 1000 1117 1062 neque
1142 1001 1162 1044 a
1185 977 1294 1060 Olero,

119 1107 230 1170 neque
263 1109 283 1150 a
318 1085 442 1172 populo
465 1085 676 1150 iudicabitur
699 1115 730 1150 ».
763 1085 861 1150 Cone.
886 1086 984 1150 Rom.
1022 1085 1085 1150 sub
1108 1085 1305 1170 Sylvestro,

120 1214 194 1278 cap.
219 1195 272 1258 20.

211 1301 405 1366 fluitantis
434 1301 471 1364 in
509 1323 547 1366 eo
578 1307 629 1366 est
660 1309 699 1364 ut
731 1301 817 1366 bona
855 1299 1027 1365 Ecclesiae
1051 1297 1253 1384 temporalia
1267 1319 1297 1362 *a
1358 1367 1360 1370 ,

118 1408 266 1493 publicis
290 1408 516 1494 vectigalibus
540 1402 735 1474 eximantur
757 1411 812 1488 (2).

212 1517 344 1580 Loculis
367 1514 521 1580 consistit
547 1513 584 1580 in
606 1510 820 1600 exemptione
830 1513 980 1580 locorum
996 1537 1177 1597 sacrorum,
1202 1535 1296 1578 sano-

118 1631 234 1688 torum
256 1623 551 1710 et-rel-igiosorum
575 1623 618 1690 ab
640 1621 874 1688 iurisdictione
905 1622 995 1686 civili
1020 1631 1055 1686 et
1077 1619 1194 1686 usibus
1224 1641 1300 1704 pro·

118 1729 221 1796 fanis.

211 1838 262 1902 De
285 1838 349 1903 hac
372 1837 483 1903 fusius
506 1837 542 1902 in
566 1838 640 1902 iure
664 1838 809 1923 privato.
834 1837 900 1902 Hic
931 1839 1039 1902 solum
1063 1835 1295 1902 advertimus:

118 1943 220 2010 Licet
241 1945 283 2010 de
309 1945 402 2010 facto
417 1929 480 2010 hae
504 1945 812 2020 immunitates,·ut
836 1945 1032 2030 plurimum,
1054 1966 1126 2010 non
1149 1943 1305 2029 amplius

117 2051 317 2136 subsistant,
342 2060 466 2136 tamen,
490 2051 555 2116 nisi
577 2051 739 2136 speciales
762 2075 824 2138 pro
847 2053 928 2118 locis
951 2051 1094 2116 diversis
1111 2052 1210 2116 datae
1228 2049 1307 2114 sint

117 2156 375 2238 declarationes,
400 2164 485 2242 puta
507 2179 569 2242 per
592 2157 813 2240 Concordata,
839 2159 931 2242 ipsae
949 2158 1079 2242 vigent.

222 2265 293 2331 cfr.
309 2288 404 2350 prop.
429 2265 606 2336 damnatas
629 2266 666 2330 in
690 2269 827 2350 Syllcbo
851 2265 905 2330 Pii
922 2267 976 2330 IX
990 2268 1042 2350 30,
1061 2268 1101 2330 31
1120 2274 1155 2331 et
1167 2270 1209 2330 32
1235 2269 1302 2350 (3).

255 2409 298 2489 Β)
321 2411 373 2473 De
396 2410 520 2494 oriqine
542 2411 804 2474 irrimuuitatum.

123 2539 126 2543 ’
211 2535 264 2596 61.
289 2533 344 2596 Ad
370 2532 559 2599 'iuridioam
594 2533 821 2599 immunitatis
845 2533 1011 2619 originem
1046 2533 1135 2618 quod
1165 2542 1298 2619 spectat

117 2651 190 2707 tres
214 2642 339 2706 adsunt
362 2641 560 2708 sententiae.
594 2641 665 2707 Alii
689 2665 731 2707 ex
753 2641 828 2724 iure
851 2665 942 2706 mere
966 2641 1061 2724 civili
1095 2663 1168 2707 eam
1205 2663 1297 2726 repe-

117 2757 221 2830 tunt;
247 2748 305 2813 alii
327 2770 368 2814 ex
392 2749 465 2814 iure
489 2771 580 2814 mere
603 2749 850 2829 ecclesiasti003
875 2748 933 2813 alii
951 2748 1141 2814 omnimode
1165 2772 1206 2814 ex
1222 2747 1297 2813 iure

116 2855 249 2921 divino.

126 2959 128 2963 ’
164 2965 167 2972 ’
210 2963 372 3028 Nulli'ex
395 2963 505 3028 tribus
521 2963 731 3028 subscribere
756 2986 941 3048 possumus.
959 2964 1035 3028 Non
1051 2963 1181 3048 primae
1194 2986 1296 3048 quam

117 3077 239 3135 tenent
252 3070 444 3156 regalistae,
459 3069 539 3156 quia
555 3093 594 3134 ca
606 3071 767 3134 damnata
779 3094 935 3155 expresse
949 3070 1162 3154 reperiturin
1179 3070 1295 3135 Const.

119 3302 210 3355 modo
232 3301 452 3356 subtrahuntur
472 3321 490 3356 a
510 3303 637 3356 servitio
658 3303 799 3370 militari,
819 3303 879 3357 nisi
895 3321 947 3372 pro
968 3293 1149 3373 quibusdam
1171 3300 1294 3354 minori·
1325 3293 1334 3307 ⁶

119 3391 179 3445 bus
208 3391 345 3446 servitiis
376 3409 453 3463 quae
483 3399 717 3457 commntantur.
737 3391 798 3448 cfr.
819 3401 919 3446 tamen
940 3391 1016 3445 decl.
1048 3398 1078 3444 et
1111 3392 1182 3444 inst.
1213 3389 1242 3444 S.
1263 3390 1297 3445 C.

118 3481 188 3550 Inq.
209 3481 242 3533 16
260 3487 338 3550 sept.
361 3481 437 3536 1875.
459 3479 521 3536 cfr.
543 3483 667 3550 Nasoni,
688 3479 768 3534 Iuris
789 3498 854 3536 ean.
874 3481 977 3550 Comp.
997 3479 1057 3533 vol.
1078 3479 1102 3544 I,
1122 3497 1190 3548 pag.
1206 3479 1249 3532 δί).

191 3588 234 3657 (l)
253 3589 326 3658 (lap.
349 3589 516 3654 odoardus,
535 3587 561 3654 3,
582 3587 618 3640 de
638 3586 853 3642 solutionibus.
873 3587 1042 3641 Secundum
1059 3585 1226 3639 antemius
1255 3585 1304 3638 ci·²

118 3675 183 3730 vile
203 3675 229 3730 si
250 3675 381 3730 clericus
414 3693 483 3730 sere
510 3675 612 3728 alieno
642 3683 788 3746 gravatus
807 3675 1063 3730 habeat-titulum
1085 3676 1178 3728 etiam
1196 3677 1295 3742 patri·

117 3769 213 3821 monii
232 3767 268 3835 (c¹
282 3765 374 3820 tertio
394 3765 519 3834 datum),
549 3765 660 3820 titulus
682 3765 746 3836 ipse
769 3764 981 3818 inalienabilis
1002 3771 1063 3832 est;
1085 3763 1202 3817 fructus
1224 3779 1305 3816 vero

117 3855 205 3908 tituli
226 3862 297 3908 sunt
318 3855 592 3926 insequestrabiles
612 3862 767 3926 tamquam
787 3853 975 3907 alimentarii
995 3853 1021 3907 si
1039 3853 1149 3932 titulus
1170 3851 1211 3906 sit
1222 3867 1301 3920 ptati·v

115 3947 219 3999 sionis.
240 3941 302 3998 Ofr.
323 3942 395 3998 cot.
415 3961 494 4014 proc.
520 3944 576 3998 civ.
596 3951 651 3998 art.
673 3945 737 4000 592.
832 3951 834 3958 ’

193 4049 233 4120 (2)
253 4049 333 4104 Olim
355 4049 447 4103 etiam
468 4051 572 4131 aiore
592 4051 676 4105 civili
697 4051 771 4104 haec
792 4049 969 4103 immunitas
984 4049 1213 4102 admittebatur.
1233 4047 1306 4102 Hc·-

117 4139 169 4194 die
191 4147 221 4192 et
241 4138 298 4192 hcc
318 4135 515 4218 privilegium
535 4139 672 4192 ablatum
696 4145 752 4193 est.

192 4229 233 4298 (3)
254 4227 304 4284 uf.
322 4232 446 4295 Nasoni,
467 4245 513 4297 op.
533 4229 584 4282 cit.
605 4229 665 4283 vol.
682 4227 708 4296 I,
728 4227 855 4281 membr.
875 4227 916 4292 II,
936 4244 964 4280 n.
984 4228 1010 4280 8.
