3198 4898
313 339 368 395 326

315 471 395 530 sunt
412 487 477 550 per
499 488 692 533 concursum
716 467 812 534 iuxta
835 471 971 536 decreta
986 471 1085 537 Ocno.
1101 470 1192 536 Trid.
1211 472 1256 554 (1)
1272 470 1315 536 ad
1331 469 1486 535 formam

317 572 599 660 praescriptorum
634 600 654 642 a
688 576 720 642 S.
745 577 784 644 Ο.
818 577 959 644 Goncilii
996 581 1043 662 (2)
1077 581 1276 646 confirmata
1306 602 1326 643 a
1352 576 1488 642 Bened.

316 679 436 763 XIV(
461 686 481 763 ).

406 813 425 848 ι
449 787 598 853 Vacante
620 789 735 876 itaque
758 792 896 858 ecelesia
933 792 1128 878 parochiali,
1153 815 1239 878 quae
1277 789 1489 857 conferenda

314 893 361 960 sit
383 917 443 980 per
466 917 675 980 concursum,
699 907 801 984 atque
823 900 886 965 hoc
909 899 1025 988 solitis
1039 899 1195 966 formulis
1217 899 1356 980 indicto,
1392 899 1489 980 haec,

313 1021 400 1084 quae
422 1008 611 1085 sequuntur
633 1026 674 1068 ex
698 1003 730 1068 S.
757 1003 793 1069 Ο.
817 1005 994 1090 sententia,
1033 1005 1181 1090 consilio,
1205 1005 1371 1088 suasione,
1416 1025 1486 1068 ser·

316 1107 427 1172 venda
450 1117 694 1193 proponuntur:

410 1243 425 1272 ι
449 1217 478 1278 1.
502 1215 656 1280 Primum
679 1239 808 1302 nempe,
833 1226 872 1282 ut
899 1218 1115 1304 assignentur
1150 1219 1285 1284 eaedem
1322 1217 1485 1283 omnibus

313 1319 591 1388 concurrentibus
614 1324 834 1409 quaestiones,
859 1325 962 1390 iidem
985 1348 1090 1410 casus,
1114 1325 1270 1410 idemque
1294 1335 1414 1390 textus
1437 1324 1482 1388 Ε-

316 1427 475 1512 vangelii,
499 1450 689 1514 superque
712 1430 874 1496 sermonis
897 1431 1027 1516 aliquid
1050 1431 1290 1517 praescribant,
1323 1431 1367 1495 ad
1409 1452 1485 1516 pro-

315 1533 460 1599 bandam
482 1531 615 1601 dicendi
640 1559 701 1622 pro
724 1538 880 1602 concione
903 1537 1111 1603 facultatem.

405 1669 424 1702 ι
447 1645 477 1708 2.
502 1643 670 1726 Alterum,
695 1653 734 1708 ut
757 1665 852 1710 casus
875 1653 910 1708 et
932 1645 1143 1730 quaestiones
1173 1645 1393 1710 resolvendae
1418 1644 1485 1708 dic-

315 1755 431 1813 tentur
463 1741 617 1815 omnibus
648 1751 762 1816 eodem
786 1759 946 1838 tempore,
972 1761 1073 1836 atque
1088 1752 1243 1817 omnibus
1259 1751 1380 1816 eodem
1400 1759 1482 1816 tem-

316 1879 395 1942 pore
414 1863 528 1922 textus
551 1857 731 1942 Evangelii
755 1859 922 1924 tradatur.

409 1992 424 2020 ι
448 1965 478 2028 3.
503 1963 665 2050 Tertium,
704 1973 743 2030 ut
766 1972 906 2048 certum,
945 1965 1103 2050 idemque
1140 1966 1294 2030 omnibus
1332 1965 1483 2050 spatium

314 2070 475 2156 temporis
497 2072 733 2158 constituatur,
757 2073 848 2138 intra
871 2075 958 2158 quod
983 2097 1078 2140 casus
1102 2074 1281 2154 resolvant,
1310 2073 1478 2157 quaestio·

312 2177 414 2243 nibus
436 2179 666 2266 respondeant,
691 2169 943 2246 conciunculam
965 2187 1177 2266 componant.

404 2311 423 2344 ι
446 2285 477 2349 4.
502 2285 676 2370 Quartum,
702 2294 741 2350 ut
764 2287 879 2352 eodem
896 2294 1131 2352 concurrentes
1146 2309 1260 2352 omnes
1275 2286 1312 2351 in
1328 2283 1477 2351 conclavi

311 2391 524 2475 claudantur,
549 2392 646 2477 unde,
671 2394 833 2478 quamdiu
857 2393 1005 2458 scribent
1027 2393 1178 2475 (dabitur
1200 2393 1291 2458 enim
1323 2393 1478 2458 omnibus

311 2497 481 2563 scribendi
504 2497 613 2584 copia)
637 2523 734 2566 nemo
756 2523 871 2566 eorum
895 2499 1020 2586 egredi,
1046 2523 1155 2586 neque
1188 2499 1274 2564 alius
1309 2499 1476 2585 quispiam

314 2629 352 2672 eo
374 2606 507 2692 ingredi
530 2597 645 2694 possit,
669 2609 734 2674 nisi
758 2618 936 2696 postquam
959 2609 1085 2695 scripta
1109 2607 1318 2674 confecerint
1334 2617 1370 2672 et
1387 2604 1475 2672 exhi-

314 2714 460 2778 buerint.

403 2850 422 2883 ι
445 2825 475 2888 5.
499 2823 673 2910 Quintum,
697 2833 736 2890 ut
758 2848 872 2891 omnes
894 2848 955 2890 sua
987 2825 1129 2908 quisque
1165 2845 1267 2889 manu
1304 2843 1471 2908 responsa,

313 2937 384 2994 tum
408 2953 592 2996 sermonem
614 2932 773 3018 scribant,
805 2932 1099 3016 subscribantque.

409 3066 423 3094 «
447 3039 476 3102 6.
502 3037 652 3124 Sextum,
677 3047 715 3104 ut
738 3062 895 3124 responsa
918 3039 1054 3124 quidem
1076 3039 1191 3122 latine,
1215 3059 1324 3104 sermo
1364 3042 1472 3102 autem

311 3167 362 3229 ea,
385 3166 451 3229 qua
474 3144 516 3210 ad
539 3146 702 3230 populum
725 3145 842 3212 haberi
866 3147 958 3230 solet,
982 3145 1100 3230 lingua
1123 3144 1302 3210 scribatur.

403 3278 422 3311 ι
446 3253 475 3324 7,
497 3251 710 3318 Postremum
731 3260 770 3317 ut
791 3253 1054 3338 unumquodque
1091 3273 1288 3336 responsum
1311 3258 1347 3316 et
1371 3270 1466 3315 unus·

309 3356 453 3443 quisque
485 3381 603 3430 sermo.
628 3382 704 3424 cum
728 3360 770 3424 ab
800 3379 1000 3444 unoquoque
1034 3357 1308 3424 concurrentium
1339 3356 1467 3422 exhibe-

312 3465 404 3530 bitur
426 3457 493 3530 non
515 3465 623 3530 solum
646 3466 688 3531 ab
710 3488 747 3532 eo
771 3465 829 3552 qui
853 3465 999 3551 scripsit,
1016 3473 1117 3551 atque
1133 3489 1153 3530 a
1170 3463 1386 3530 Caracallario
1405 3482 1473 3526 oon·

309 3657 521 3714 adiacentibus
551 3658 718 3729 requiritur
746 3677 909 3714 concursus
930 3659 1020 3714 etiam
1043 3677 1094 3730 pro
1114 3659 1337 3730 consequendis
1358 3655 1467 3713 duabus

311 3746 493 3824 praebendis
512 3747 750 3813 canonicalibus,
770 3749 936 3819 theologali
956 3748 1075 3804 scilicet
1094 3756 1124 3801 et
1144 3747 1394 3818 poenitentiaria.
1415 3742 1472 3798 cfr·

312 3841 525 3904 Sebastiaaelli,
546 3837 586 3903 11,
607 3855 635 3890 n.
653 3838 716 3892 256.

380 3943 421 4015 (l)
440 3945 519 3998 Sese.
541 3945 647 4011 XXIV,
667 3963 692 3999 c.
712 3947 752 4010 18,
785 3946 821 4000 de
841 3945 897 4000 ref.
917 3945 979 4001 cfr.
1000 3948 1121 4000 Barbas.
1143 3945 1189 3998 De
1211 3942 1278 3997 offic
1320 3951 1352 3998 et
1371 3944 1469 4015 potest.

308 4033 429 4106 paroch.
449 4033 482 4088 P.
502 4033 526 4088 Ι.
547 4033 579 4088 O.
598 4033 640 4088 11.
661 4052 688 4088 n.
710 4035 771 4091 124.

381 4141 421 4212 (2)
442 4139 525 4196 Decl.
547 4162 559 4188 ι
581 4143 641 4205 Quo
658 4146 845 4211 parochiales
865 4163 877 4190 ι
901 4141 933 4196 10
951 4141 1017 4196 Ian.
1039 4141 1114 4196 1721.

380 4247 417 4314 (3)
436 4247 538 4304 const
563 4269 574 4294 ι
595 4248 671 4304 Cum
686 4251 768 4305 aaa
786 4267 802 4299 a
821 4249 856 4302 14
876 4249 947 4302 Dec.
968 4243 1045 4302 1742.
