3198 4898
307 346 363 414 310

308 471 620 558 ecclesiasticorum,
643 472 829 540 alienantes
863 495 916 538 res
953 471 1170 538 ecclesiarum
1207 473 1333 557 absque
1372 473 1468 538 bene·

309 579 433 664 placito
455 579 650 665 Apostolico
673 601 712 645 eo
734 578 808 665 ipso
829 579 1012 665 privantur
1049 579 1218 646 beneficiis
1255 586 1290 644 et
1328 579 1469 646 admini-

307 683 538 771 strationibus,
561 685 611 751 ita
634 693 673 750 ut
695 675 771 752 aliis
794 686 837 752 ab
859 708 897 751 eo
920 685 964 750 ad
986 707 1087 770 quem
1109 686 1291 771 pertinent,
1326 685 1471 752 conferri

309 791 448 877 possint
471 791 823 858 Animadvertendum
846 799 960 858 tamen
982 793 1070 877 quod
1092 793 1137 858 ad
1170 792 1232 858 has
1268 815 1393 878 poenas
1428 792 1474 857 in·

307 899 490 964 currendos
513 898 697 984 requiritur
711 903 757 1003 α)
780 906 820 964 ut
843 898 980 966 alienat'
955 905 1003 964 tio
1026 899 1184 983 procedat
1214 922 1256 966 ex
1295 898 1472 966 temeraria

309 1013 505 1091 praesumpt
505 1005 591 1088 ione;
614 1007 645 1089 b)
669 991 715 1070 ut
731 995 777 1070 sit
798 1006 966 1090 completa
988 1012 1022 1072 et
1044 1005 1194 1092 perfecta
1218 1008 1275 1088 (.l)

255 1099 257 1106 ’
396 1112 554 1198 Spectato
576 1121 690 1178 autem
724 1111 853 1178 obiecto
888 1113 1029 1178 Extrav.
1068 1111 1271 1178 Ambitiosce
1309 1120 1469 1178 vetantur

307 1217 532 1283 alienationes
556 1219 706 1284 omnium
729 1241 840 1284 rerum
853 1221 898 1283 'et
922 1219 1085 1286 bonorum
1106 1219 1186 1286 eccl
1210 1227 1245 1285 et
1267 1227 1405 1304 recepta
1432 1218 1472 1284 ab

306 1324 462 1389 omnibus
484 1325 652 1390 sententia
674 1331 735 1407 est,
752 1324 804 1390 his
820 1323 932 1390 verbis
944 1323 1128 1409 significari
1140 1332 1274 1392 tantum
1288 1323 1474 1392 immobilia

307 1437 344 1496 ot
365 1430 501 1496 mobilia
523 1431 680 1517 pretiosa.
715 1431 907 1498 immobilia
928 1442 1044 1498 autem
1076 1440 1156 1498 sunt
1178 1433 1327 1519 praedia,
1365 1433 1471 1516 fundi,

307 1537 426 1602 domus
437 1545 500 1602 etc.
513 1541 571 1621 (2);
584 1561 646 1604 neo
656 1561 724 1604 non
735 1538 811 1605 iura
823 1538 920 1604 rebus
932 1539 987 1604 vsl
999 1539 1149 1624 personis
1161 1539 1386 1622 cohaerentia;
1401 1539 1471 1605 sive

308 1643 500 1726 pertineant
523 1643 565 1708 ad
587 1643 743 1710 ecclesias
767 1644 946 1728 regulares,
970 1643 1042 1708 sive
1065 1645 1109 1709 ad
1131 1645 1328 1727 saeculares;
1356 1644 1407 1710 ita
1440 1651 1474 1710 et

306 1771 424 1814 census
446 1749 551 1814 annui
575 1749 603 1814 si
625 1774 667 1815 ex
689 1749 889 1816 fundatione
914 1751 968 1814 vel
990 1750 1126 1816 aliunde
1149 1750 1326 1816 constituti
1349 1751 1472 1818 sintin

307 1863 509 1941 perpetuum
546 1879 607 1942 pro
633 1856 878 1922 sustentatione
917 1855 1150 1923 ministrorum
1183 1857 1352 1941 ecclesiam
1390 1858 1471 1924 item

307 1963 504 2030 usufructus
528 1965 583 2046 (3).
607 1964 676 2030 Res
698 1971 813 2030 autem
837 1963 976 2030 mobiles
998 1964 1165 2048 pretiosae
1188 1965 1350 2030 dicuntur
1387 1989 1472 2050 quae

304 2081 386 2136 sunt
408 2071 449 2136 de
471 2071 629 2136 thesauro
651 2071 822 2136 Ecclesiae
845 2073 899 2154 (4),
924 2071 979 2135 vel
1001 2093 1087 2156 quae
1113 2079 1253 2158 propter
1274 2080 1392 2155 artem,
1419 2095 1467 2137 ra·

307 2177 454 2260 ritatem,
477 2176 717 2261 antiquitatem
739 2178 795 2242 vel
816 2175 1061 2262 perfectionem
1090 2179 1201 2263 operis
1240 2187 1301 2244 aut
1338 2178 1471 2244 celebri·

304 2291 412 2348 tatem
434 2284 580 2350 arteficis
602 2282 809 2369 singularem
831 2284 1043 2370 splendorem
1057 2284 1216 2350 ecclesiae
1231 2286 1422 2370 conferunt,
1435 2291 1471 2349 ut

304 2399 386 2458 sunt
408 2415 488 2458 vasa
511 2415 621 2477 aurea,
656 2399 816 2478 argentea
839 2401 954 2460 vestae
989 2393 1164 2479 pretiosae,
1190 2416 1353 2480 gemmas,
1377 2415 1470 2458 orna·

307 2507 420 2564 menta
450 2499 605 2586 pretiosa,
630 2500 763 2586 copiosa
786 2500 990 2567 bibliotheca
1012 2501 1186 2586 librorum,
1211 2509 1245 2566 et
1268 2501 1393 2566 similia
1417 2523 1468 2566 ex·

304 2607 458 2686 cadentia
479 2605 576 2672 iuxta
598 2607 859 2674 declarationem
898 2609 930 2674 S.
956 2608 993 2674 O.
1017 2608 1053 2674 O.
1077 2610 1228 2674 valorem
1256 2611 1299 2674 25
1335 2610 1468 2674 ducato-

305 2736 382 2779 rum
403 2734 562 2778 aurorum
584 2714 626 2779 de
649 2737 791 2798 camera,
815 2714 957 2796 (scilicet
978 2717 1044 2780 220
1066 2715 1170 2780 libell.
1187 2715 1272 2797 ital.)
1295 2719 1350 2797 (ὃ),
1375 2715 1456 2780 item

304 2819 454 2904 insignes
476 2819 648 2905 reliquiae,
673 2820 753 2906 quia
776 2820 839 2886 etsi
862 2821 972 2906 pretio
987 2844 1055 2887 non
1092 2829 1294 2907 aequentur,
1319 2830 1398 2886 sunt
1422 2829 1468 2886 ta·

305 2949 383 2992 men
405 2949 507 3012 supra
529 2949 627 2991 omne
650 2927 797 3011 pretium
819 2928 876 3009 (6).

344 3071 347 3076 ι
395 3033 468 3097 114.
493 3031 665 3098 Alienatio
687 3040 799 3098 autem
823 3033 916 3098 licite
939 3032 1013 3098 fieri
1034 3040 1145 3117 potest
1167 3033 1345 3100 accedente
1379 3033 1466 3100 iusta

303 3161 404 3204 causa
426 3145 465 3203 ut
486 3145 573 3204 esset
594 3162 636 3204 ex
659 3161 709 3224 gr.
742 3139 914 3205 Ecclesiae
937 3139 1127 3224 necessitas,
1167 3139 1310 3225 utilitas,
1352 3141 1466 3226 pietas

303 3253 339 3311 e't
361 3245 503 3311 servatis
524 3244 647 3310 debitis
669 3245 948 3326 solemnitatibus,
972 3246 1101 3312 scilicet
1133 3247 1271 3312 obtento
1309 3247 1461 3334 benepla-

301 3335 371 3419 cito
394 3351 588 3438 Apostolico
611 3359 645 3416 ct
667 3374 829 3417 consensu
851 3347 966 3418 eorum
989 3348 1130 3438 qnorum
1154 3353 1295 3418 interest
1318 3356 1373 3436 (7).

318 3543 321 3550 ’
375 3550 412 3614 (l)
432 3547 494 3602 Ofr.
514 3547 731 3616 Sebastionelli‚
750 3547 791 3614 ΙΙ,
812 3549 831 3600 l.
851 3567 877 3604 c.

336 3619 337 3623 Ἰ
374 3643 413 3722 (2)
434 3653 495 3708 cfr.
514 3654 707 3717 D'Anoz'oaze,
729 3653 760 3707 in
781 3654 884 3710 (locst.
903 3657 949 3708 Pii
970 3657 1021 3720 IX,
1043 3654 1101 3708 iam
1122 3655 1174 3710 cit.
1194 3673 1222 3711 n.
1242 3657 1301 3712 166.

319 3829 322 3834 ¹
374 3761 413 3829 (3)
434 3757 495 3814 Ofr.
514 3761 681 3829 Piynatelli,
702 3776 747 3830 op.
768 3760 820 3814 cit.
848 3775 919 3814 rom.
938 3759 962 3820 1,
981 3766 1076 3814 const.
1097 3759 1211 3826 XVIII,
1238 3761 1283 3829 32;
1302 3763 1413 3817 Saurea
1430 3761 1463 3814 de

303 3847 433 3918 legibus,
453 3847 473 3900 l.
494 3847 545 3913 VI,
566 3864 589 3902 c.
610 3847 653 3916 ΙΙ,

375 3952 416 4022 (4)
435 3956 536 4022 anyer,
556 3952 609 4008 lib.
630 3953 689 4019 ΙΙΙ,
710 3953 758 4008 111.
779 3953 868 4021 XIII,
888 3957 1037 4020 Ferraria,
1058 3973 1084 4010 v.
1104 3959 1245 4010 alienare

372 4059 413 4128 11))
433 4059 494 4115 Ofr.
514 4063 685 4126 Pennacclri¹
706 4078 810 4115 comm.
830 4070 885 4115 eto.
906 4063 947 4120 11.
967 4080 995 4132 p
1015 4062 1075 4131 149;
1096 4065 1278 4134 Scapulam,
1299 4083 1329 4118 n.
1346 4065 1408 4120 440.

327 4167 568 4238 (1119111111
570 4172 600 4235 lc
618 4175 687 4221 tom.
708 4167 759 4235 IV,
780 4185 861 4224 cons.
883 4169 979 4224 ovss.

373 4276 402 4345 (7

403 4274 414 4342 )
385 4275 474 4328 7At
493 4274 549 4328 alit
538 4281 583 4330 ter
602 4283 692 4346 atque
712 4276 804 4330 aliter
822 4275 995 4331 huiusmodi
1016 4294 1183 4332 consensus
1203 4279 1394 4334 necessarius
1413 4283 1460 4342 eet,
