3198 4898
292 365 366 420 ,391

308 491 464 558 Pontifici
489 499 706 558 reservantur
728 492 928 578 praesertim
951 497 986 575 a)
1017 493 1174 560 beneficia
1198 501 1343 580 propter
1385 495 1485 560 simo·
1562 531 1563 560 3

308 598 398 664 niam
421 597 690 664 confidentialem
714 601 772 680 (1);
796 601 830 682 t)
854 599 1015 664 beneficia
1038 599 1160 665 collata
1183 608 1301 666 contra
1331 600 1484 667 formam

308 705 551 790 praescriptam
574 726 602 770 a*
616 703 715 770 (lonc.
741 704 833 770 Trid.
856 709 875 787 ·(
901 710 924 788 ).

398 810 585 876 Reservata
608 810 737 896 pariter
761 819 898 876 manent
933 811 1093 878 beneficia
1131 834 1216 898 quae
1259 825 1482 880 recensentur

310 917 345 980 in
367 917 511 1003 Regulis
534 917 763 984 Cancelleriae
786 918 1000 1004 Apostolicae
1023 921 1079 1004 (3),
1103 918 1193 984 inter
1231 940 1316 1004 quas
1356 942 1484 986 memo·

309 1045 385 1092 rare
407 1024 555 1094 sufficiat
576 1047 699 1090 nouem
722 1027 854 1109 quaed
878 1025 911 1091 S.
937 1025 1133 1092 Pontificem
1162 1026 1325 1112 competit
1341 1027 1480 1092 collatio

311 1130 548 1212 beneficiorum
585 1133 771 1198 mensibus?
791 1133 863 1200 Ian.
904 1133 1003 1199 Febr.
1041 1133 1125 1218 Apr.
1164 1133 1257 1198 Maii.
1288 1133 1354 1198 Iul.
1392 1133 1482 1218 Aug.

310 1237 384 1304 Oct.
408 1239 494 1304 Nov.
519 1240 712 1304 vacantium
747 1241 802 1321 (4).
838 1238 999 1325 Episcopi
1036 1261 1117 1305 vero
1155 1239 1307 1305 obtinere
1338 1246 1482 1325 possunt

308 1367 330 1411 a
352 1343 495 1412 Dataria
517 1345 635 1431 Apost.
671 1354 710 1410 ut
746 1346 907 1412 beneficia
941 1345 1095 1413 conferre
1130 1347 1271 1440 'valeant
1305 1347 1481 1412 mensibus

309 1451 408 1521 Febr.
433 1452 518 1537 Apr.
541 1453 617 1518 Iun.
642 1453 733 1538 Aug.
758 1453 830 1520 Oct.
855 1454 936 1520 Deo.
961 1459 972 1535 (
1000 1469 1020 1533 1.

398 1557 552 1644 Denique
574 1562 604 1640 e)
628 1561 701 1624 iure
722 1561 913 1647 afflationis,
950 1581 1055 1644 quum
1092 1559 1222 1628 scilicet
1244 1561 1286 1625 R.
1315 1559 1479 1625 Pontifex

309 1663 506 1733 manifestat
528 1687 623 1731 suam
645 1665 884 1732 auctoritatem
907 1665 1121 1751 interponere
1144 1667 1231 1732 velle
1246 1665 1282 1732 in
1299 1665 1480 1731 collatione

308 1769 499 1856 aliquorum
523 1767 769 1840 beneficiorum.
793 1773 967 1840 Differta
1007 1774 1233 1841 reservatione
1259 1773 1340 1859 quia
1382 1796 1480 1838 reser-

308 1877 401 1943 vatio
423 1878 462 1943 fit
484 1877 606 1964 verbis,
630 1878 772 1950 affectio
800 1878 977 1944 inducitur
1014 1880 1116 1946 facto:
1151 1879 1334 1946 reservatio
1377 1880 1477 1944 habet

306 1983 469 2052 effectum
490 1985 726 2070 successivum,
762 1984 898 2051 affectio
936 1993 1051 2052 autern
1074 2009 1135 2072 pro
1177 2009 1246 2051 nna
1267 1991 1409 2050 tantum
1448 1991 1480 2049 et
1563 2067 1564 2078 .

309 2089 419 2178 prima
443 2089 516 2160 vice
538 2091 736 2158 beneficium
759 2093 792 2158 S.
817 2091 975 2158 Pontifici
998 2092 1126 2160 addicit
1154 2094 1214 2176 (6).

371 2277 373 2282 Α
399 2199 474 2263 159.
497 2198 578 2264 Post
593 2199 625 2264 S.
642 2199 850 2284 Pontificem,
864 2199 1039 2265 collatores
1054 2197 1216 2266 ordinarii
1233 2198 1477 2264 beneficiorum
1563 2213 1564 2216 ’

306 2311 398 2370 sunt:
422 2308 458 2385 a)
482 2305 641 2390 Episcopi
665 2306 862 2391 inproprie
888 2305 1041 2391 dioecesi,
1079 2306 1152 2372 sive
1188 2305 1261 2391 soli,
1302 2304 1380 2370 sive
1417 2329 1478 2370 una

308 2433 386 2476 oum
409 2411 577 2496 Capitulo:
602 2415 633 2495 b)
654 2411 767 2498 ipsum
790 2412 986 2498 Capitulum
1025 2412 1098 2479 sive
1128 2412 1370 2499 collegialiter,
1412 2413 1478 2480 sive

310 2542 370 2607 per
390 2524 540 2604 turnum,
564 2518 636 2586 sive
658 2519 760 2585 titulo
781 2519 948 2605 singulari
972 2520 1028 2603 (7);
1053 2523 1083 2601 c)
1109 2519 1258 2586 Praeleti
1288 2522 1419 2586 nullius
1444 2519 1478 2583 in

308 2715 437 2783 catione,
457 2715 500 2770 ita
519 2724 553 2769 ut
573 2732 607 2770 eo
626 2723 781 2768 trausacto
800 2721 899 2769 cesset
917 2715 1085 2769 reservatio
1104 2725 1134 2768 ct
1154 2715 1208 2768 fiat
1221 2715 1304 2769 locus
1319 2713 1475 2770 collationi

307 2805 546 2873 Ordinatiorum.
566 2803 627 2859 (ΙΙΙ.
646 2806 916 2872 Sebastiaaelttn.
942 2804 989 2856 191
1010 2804 1068 2857 vol.
1088 2803 1128 2858 11.

383 2897 421 2965 (1)
441 2895 543 2950 const.
563 2895 593 2949 S.
613 2895 659 2948 Pa·
682 2895 707 2948 V
725 2913 740 2944 α
762 2894 973 2955 Intolerabitis,
996 2893 1027 2946 12
1047 2892 1112 2948 lan.
1132 2892 1211 2948 1569.

379 3002 418 3072 (2)
438 2999 499 3056 cu.
527 3000 619 3054 etiam
649 3000 753 3055 Cenat.
784 3000 818 3054 S.
836 3002 881 3054 Pii
904 3001 935 3059 V.
969 3021 981 3045 ‹
1003 3000 1041 3053 In
1071 2997 1258 3086 conferendis
1283 3017 1299 3048 a
1321 2999 1353 3053 18
1374 2995 1474 3052 Martii

310 3091 388 3147 1567.
1022 3103 1023 3106 ’

379 3197 420 3269 (3)
438 3201 566 3268 Riyanti,
587 3197 606 3251 l.
625 3215 650 3251 c.
670 3213 780 3268 proem.
800 3214 828 3250 n.
845 3197 880 3250 26
900 3212 990 3267 seqq,
1010 3195 1054 3264 79,
1074 3211 1165 3266 seqq.;
1182 3196 1296 3258 Daunii,
1320 3195 1401 3251 Inst.
1414 3210 1474 3262 can,

308 3291 363 3347 lib.
382 3290 405 3351 Ι,
424 3288 471 3344 tit.
491 3288 524 3354 V,
545 3297 618 3341 sect.
637 3287 695 3353 Ill,
715 3285 735 3358 ξ
753 3287 797 3340 36.

377 3397 419 3468 (4)
437 3395 522 3450 Haec
542 3399 642 3448 tamen
672 3393 839 3446 reservatio
860 3400 959 3448 cessat
980 3392 1081 3464 perid
1102 3400 1220 3463 tempas
1239 3409 1298 3463 quo
1319 3391 1418 3447 Sedes
1437 3391 1472 3444 A·

308 3493 386 3558 post.
404 3491 500 3542 vacat.
520 3486 628 3548 Deuoti,
656 3483 677 3537 l.
696 3500 720 3537 c.
738 3481 758 3553 ξ
776 3483 821 3551 40;
840 3501 894 3538 nec
914 3483 1012 3536 locum
1032 3482 1126 3537 habat
1144 3482 1291 3536 adversus
1310 3482 1472 3536 collatores
1562 3499 1563 3518 1

308 3574 478 3630 ordinarios
498 3573 548 3644 qni
568 3573 631 3626 sint
651 3571 840 3627 Cardinalas.
858 3573 1005 3638 Ferraria,
1026 3589 1052 3626 v.
1071 3572 1210 3642 beneficia
1229 3588 1256 3626 a.
1274 3571 1299 3638 3,
1320 3588 1348 3623 u.
1369 3571 1413 3624 99.

379 3679 420 3752 (ὃ)
439 3678 507 3732 Hae
526 3677 749 3732 reservationes
772 3695 830 3730 non
855 3675 961 3744 vigent
984 3677 1023 3731 iis
1052 3675 1082 3730 in
1112 3675 1188 3730 locis
1206 3674 1259 3730 ubi
1283 3692 1336 3744 per
1357 3689 1470 3729 concor·

309 3771 380 3826 data
398 3787 463 3824 cum
485 3769 513 3822 S.
536 3769 612 3823 Sede
637 3765 761 3820 collatio
781 3763 997 3821 beneficiorum
1028 3765 1088 3820 alio
1115 3765 1204 3820 modo
1236 3763 1407 3819 constituta
1426 3759 1470 3813 sit.

308 3859 370 3916 cfr.
389 3857 583 3924 Reiffenstuet,
604 3858 648 3912 De
668 3855 771 3927 praet.
796 3874 822 3909 n.
841 3856 903 3922 4253
933 3855 1030 3916 Nessi,
1052 3852 1277 3909 Conventiones
1300 3859 1358 3906 etc.
1378 3869 1404 3922 p.
1424 3845 1469 3902 134

308 3957 338 4004 et
357 3966 440 4020 seqq.
458 3947 626 4022 dalreeerv.
645 3947 707 4018 vig.
727 3947 757 4000 in
777 3945 937 4016 Hispania.
968 3943 1096 3998 Austria
1115 3950 1172 3997 etc.
1191 3942 1412 4004 Sebastianetli,
1432 3934 1468 3999 ΙΙ,

308 4057 337 4096 n.
357 4038 418 4096 194.

377 4145 418 4216 (6)
442 4147 602 4210 Vocetium,
634 4159 682 4214 op.
700 4142 753 4197 cit.
773 4141 814 4207 11,
834 4159 858 4197 c.
879 4142 920 4210 ΙΙ,
940 4161 968 4198 n.
986 4143 1030 4209 2³53
1050 4143 1089 4196 M.
1110 4142 1153 4196 De
1176 4142 1266 4199 Luca.
1287 4138 1310 4203 Ι,
1333 4137 1379 4197 tit,
1400 4129 1465 4196 x1t

305 4251 336 4288 n.
356 4233 408 4290 IV.
737 4269 740 4274 ι

377 4341 414 4406 (7)
433 4341 615 4412 Scapulam,
635 4357 681 4410 op.
700 4338 759 4405 cit„
780 4357 810 4395 n.
827 4339 890 4395 314.
