3234 4902
1296 330 1333 384 23

157 473 329 540 toritatem
360 475 561 557 habuerunt,
598 475 758 561 vulgatae
780 473 870 538 enim
893 472 985 539 fuere
1006 493 1049 538 ex
1071 473 1230 537 mandato
1253 471 1330 538 RR.

156 579 224 646 ΡΡ.
248 581 356 664 Aliae,
381 589 498 669 utpote
522 581 656 669 privato
680 581 792 647 studio
811 587 978 663 exaratae,
994 580 1081 644 hanc
1096 579 1331 646 auctoritatem

149 709 224 754 non
247 689 476 755 obtinuerunt.
501 690 623 756 Omnes
647 698 761 754 tamen
783 688 862 754 licet
884 687 983 754 hodie
1005 687 1134 752 nullam
1151 685 1331 752 auotorita-

156 801 224 860 tem
248 795 375 862 faciant
397 819 456 862 nec
478 796 514 861 in
553 796 674 862 scholis
707 818 767 861 nec
804 795 840 860 in
866 794 1008 878 iudiciis,
1045 803 1157 859 tamen
1194 793 1331 859 exibent

155 903 221 968 fide
242 904 385 989 dignum
408 903 623 990 antiquitatis
648 911 916 985 monumentum,
940 909 981 967 ut
1014 902 1050 966 in
1085 901 1125 966 iis
1163 901 1330 987 genuinus

154 1017 190 1075 et
212 1031 393 1095 germanus
415 1033 530 1093 sensus
553 1011 705 1098 plurium
724 999 1015 1076 Constitutionuin
1031 1009 1109 1074 RR.
1126 1007 1330 1074 Pontificum

155 1113 424 1199 deprehendatur
446 1119 458 1197 l
483 1119 504 1196 ).

660 1381 767 1426 AR'HO.
792 1381 843 1427 111.

417 1507 448 1568 lle
469 1507 626 1570 tecreultua
645 1509 791 1582 grogorius
810 1510 835 1569 al
853 1507 1092 1583 usi-grogorius„
1114 1596 1120 1606 .

245 1700 463 1767 Collectiones
494 1723 579 1786 quae
613 1703 811 1788 prodierunt
835 1723 855 1765 a
881 1700 1044 1784 Gregorio
1078 1699 1131 1763 IX
1155 1699 1197 1764 ad
1231 1697 1329 1762 Oonc.

155 1805 391 1874 Tridentinum
414 1817 504 1874 sunt:
528 1811 720 1874 Decretalcs
750 1810 901 1896 Gregorii
925 1809 987 1891 IX,
1024 1809 1147 1874 Saccus
1170 1809 1329 1870 Decreta-

154 1913 239 1978 lc‘am
263 1917 434 2002 Booc'fccc'c'
464 1917 568 1982 VIII:
593 1913 827 1998 Clementiana,
852 1915 1125 1999 Ectracapcntes
1149 1913 1194 1994 (2)
1229 1912 1329 1975 Ioco-

129 2021 209 2085 sm's
232 2023 352 2107 XXII,-
376 2025 650 2109 Ecetraoapaotcs
676 2043 871 2088 commoneo.

247 2147 298 2212 19.
324 2147 500 2214 llistoria
512 2187 556 2194 —
572 2150 624 2212 Dc
640 2149 872 2212 Decretalibus
889 2147 983 2232 Grec.
999 2147 1061 2210 IX.
1074 2143 1258 2230 Gregorius
1274 2141 1330 2206 IX

60 2333 65 2344 1
153 2251 312 2318 Pontifex
335 2254 381 2318 M.
407 2263 446 2318 ut
469 2255 640 2340 praeberet
664 2253 820 2320 studiosis
843 2253 927 2318 iuris
950 2275 1021 2318 can.
1047 2273 1199 2317 normam
1215 2247 1329 2314 certio

153 2359 304 2424 remilla
328 2383 430 2446 quam
452 2361 612 2426 dederant
636 2361 868 2446 praecedentes
892 2358 1120 2439 Collectiones,
1153 2357 1330 2443 imperato·

154 2488 223 2531 rem
247 2467 476 2532 Iustinienum
500 2467 665 2550 imitatus,
690 2488 817 2532 novum
841 2467 985 2531 codicem
1007 2465 1172 2530 edendum
1190 2463 1231 2529 B.
1247 2463 1328 2528 Rai-

155 2573 281 2638 mundo
304 2574 490 2638 mandavit.
515 2575 548 2638 Is
573 2575 721 2640 maxima
745 2596 823 2638 cam
846 2573 1022 2659 diligentia
1049 2573 1138 2658 operi
1164 2571 1328 2652 incubuit,

153 2687 188 2744 et
214 2687 291 2766 post
314 2690 460 2764 quatuor
483 2701 587 2746 annos
612 2681 804 2746 absolutum
828 2703 903 2746 cum
929 2680 1029 2746 titulo
1056 2707 1074 2740 a
1098 2680 1329 2744 Decretalium

155 2787 307 2872 Gregorii
320 2789 377 2851 IX
387 2787 587 2872 Compitalia
599 2813 617 2848 >
636 2787 668 2853 S.
687 2787 842 2853 Pontifici
859 2785 1057 2852 transmisit.
1075 2785 1232 2851 Continet
1248 2784 1328 2850 haec

155 2891 312 2959 Collectio
346 2915 413 2959 non
448 2899 583 2958 tantum
618 2894 806 2958 Decretales
829 2893 906 2959 RE.
931 2893 1135 2959 Pontificum
1158 2915 1178 2957 a
1201 2893 1328 2978 Grego-

115 3078 118 3083 ι
153 2999 237 3064 rioI
260 3000 425 3084 usquead
448 3001 550 3085 Greg.
568 2999 621 3064 IX
645 3000 701 3065 sed
725 2999 826 3065 etiam
852 3001 923 3066 loca
946 3000 1111 3085 quaedam
1135 2999 1330 3086 Scripturas

154 3104 284 3187 Sacrae,
308 3127 450 3171 canones
473 3106 530 3190 qui
553 3106 712 3170 dicuntur
736 3106 989 3192 Apostolorum,
1012 3108 1143 3172 decreta
1167 3105 1327 3170 Concilio-

153 3233 230 3277 rum
253 3213 296 3278 ab
319 3211 529 3278 Antiocheno
553 3233 658 3297 usque
681 3213 724 3277 ad
747 3213 972 3277 Lateranense
994 3212 1055 3295 IV,
1073 3213 1247 3297 multaque
1262 3212 1329 3276 alia

153 3326 227 3384 tum
250 3341 291 3384 ex
314 3319 466 3404 Petrum,
492 3329 565 3384 tum
588 3341 630 3384 ex
646 3319 790 3386 aliorum
807 3321 1009 3406 scriptorum
1025 3320 1180 3406 operibus
1196 3321 1327 3384 desum-

153 3434 222 3512 pta.
236 3427 393 3493 Collectio
405 3428 603 3515 dispertitur
615 3428 650 3492 in
663 3428 812 3513 quinque
821 3427 923 3493 libros
932 3449 1076 3514 quorum
1088 3434 1329 3514 argumentum

152 3553 194 3597 ex
217 3540 296 3598 noto
320 3555 419 3598 versu
442 3533 585 3620 exprimi
608 3534 700 3599 solet:

225 3797 265 3864 (1)
292 3795 355 3852 Ofr.
373 3797 576 3866 De·0amillis,
609 3815 655 3868 op.
683 3797 741 3865 cit,
771 3799 828 3854 vol.
848 3799 873 3866 1,
894 3817 918 3856 c.
937 3798 979 3866 II,
999 3805 1055 3854 art.
1066 3800 1108 3865 ΙΙ,
1127 3797 1146 3872 ξ
1167 3799 1220 3868 II;
1239 3802 1329 3856 Esto·

151 3888 365 3957 cycl-Borcani,
385 3904 432 3958 op.
451 3875 502 3942 cit.
522 3888 576 3942 lez.
596 3887 692 3958 XXI;
714 3891 870 3956 Duraotz‘s,
886 3888 1044 3959 Specimen
1059 3907 1173 3960 proem.
1193 3898 1223 3944 et
1236 3893 1328 3946 Joon.

151 3978 247 4031 Anca
266 3975 368 4031 adaia.
383 3977 445 4048 (m.)
467 3977 497 4030 in
519 3975 540 4032 f.
1148 3964 1150 3968 ’

223 4064 265 4134 (2)
282 4063 529 4132 Extravagantee
552 4051 746 4138 appellantur
767 4075 917 4139 quatenus
939 4075 1089 4138 vagantur
1110 4075 1196 4123 extra
1216 4085 1325 4140 corpus

152 4160 341 4208 caeterarum
361 4153 593 4224 Drecretalium,
613 4158 660 4210 vel
681 4165 769 4211 extra
790 4159 953 4213 Decretum
974 4159 1126 4217 Gratiani.
