3220 4898
848 583 867 658 ξ
890 579 938 644 II.

618 723 660 772 Dc
678 723 805 772 romanis
824 724 1106 790 congregationibus
1124 721 1174 793 (l).

395 915 448 980 26.
474 914 760 1000 Congregationes
787 938 945 982 romanae
968 917 1103 982 definiri
1127 918 1245 984 solent:
1286 943 1305 979 «
1329 917 1479 1002 Collegia

304 1020 538 1088 Oardinalium
572 1043 634 1107 per
656 1021 827 1114 Romanos
851 1023 1031 1089 Pontifices
1053 1023 1212 1092 instituta
1235 1025 1278 1090 ad
1302 1031 1396 1089 certa
1417 1047 1474 1088 ne-

304 1127 398 1214 gotia
421 1127 646 1193 ecclesiastica
669 1127 882 1194 discutienda
905 1137 940 1194 et
963 1152 1024 1216 per
1048 1138 1132 1196 vota¹
1150 1129 1278 1196 maiora
1304 1129 1473 1196 ordinarie

304 1234 408 1300 etiam
435 1233 595 1318 decisiva,
631 1257 699 1299 non
733 1241 868 1299 tantum
899 1235 1127 1302 consultativa
1160 1236 1350 1303 definienda
1373 1263 1392 1298 s
1417 1242 1428 1320 ζ
1454 1242 1475 1318 ).

305 1341 472 1408 Constant
505 1365 522 1406 e
550 1337 706 1426 pluribus
742 1333 979 1408 Oardinalibus
1013 1365 1157 1430 quorum
1191 1366 1279 1408 unus
1312 1341 1475 1430 praefecti

304 1447 415 1514 officio
445 1446 605 1532 fungitur
638 1449 692 1531 (3),
718 1471 760 1512 ex
784 1448 980 1532 segretario,
1005 1449 1205 1534 uditoribus,
1229 1449 1479 1516 consultoribus

301 1561 339 1646 et
361 1553 562 1620 officialibus
585 1553 814 1619 inferioribus.

302 1731 310 1742 ,
393 1661 446 1727 27.
471 1660 588 1740 Quoad
623 1683 738 1726 eorum
774 1660 1013 1727 auctoritatem
1044 1662 1284 1748 distinguenda
1307 1671 1388 1728 sunt
1410 1661 1476 1726 tria

269 1775 272 1781 '
302 1789 428 1854 genera
450 1768 672 1852 decretorum⁷
699 1767 916 1854 decisionum,
941 1769 1217 1836 declarationum.

393 1875 504 1940 Primi
524 1876 654 1962 perieris
688 1883 764 1940 acta
787 1883 867 1940 sunt
890 1897 976 1961 quae
999 1901 1019 1942 a
1041 1877 1137 1962 Papa
1170 1875 1366 1945 immediate
1400 1898 1475 1962 pro-

302 1970 428 2046 cedunt
451 1987 485 2046 et
507 1981 657 2058 eduntur
680 1981 836 2066 quamvis
859 1982 1081 2067 praecesserit
1095 1981 1293 2050 deliberatio
1316 2005 1376 2048 seu
1399 2005 1475 2048 con-

301 2089 431 2154 sultum
452 2088 597 2154 alicuius
621 2088 856 2154 Cardinalium
890 2089 1186 2175 Congregationis.
1219 2090 1309 2169 Quas
1334 2089 1476 2174 proinde

285 2194 557 2280 ‘deliberationes
593 2195 826 2260 Cardinalium
849 2202 883 2260 et
907 2195 1146 2262 Consultorum
1176 2196 1224 2261 ita
1256 2195 1476 2281 amplectitur

301 2302 462 2368 Pontifex
484 2310 523 2366 ut
546 2289 623 2367 suas
648 2302 753 2390 faciat
775 2311 809 2367 et
832 2325 892 2367 suo
916 2303 1051 2368 nomine
1074 2303 1276 2390 promulget.

389 2409 682 2494 serantapicus
713 2417 789 2474 acta
806 2417 893 2474 ¹sunt
916 2431 1002 2494 quae
1029 2409 1259 2495 expediuntur
1282 2432 1301 2474 a
1325 2408 1474 2492 Congre-

301 2515 495 2602 gationibus
519 2537 580 2601 per
603 2523 806 2601 potestatem
828 2515 893 2581 sibi
912 2517 1087 2602 propriam
1111 2516 1183 2582 sive
1206 2515 1384 2582 antecedat
1406 2515 1476 2579 ius-

300 2646 375 2688 sum
398 2621 574 2688 Pontificis
609 2624 822 2688 decernentis
856 2631 895 2688 ut
931 2624 1053 2689 edatur
1087 2623 1254 2710 quaedam
1280 2621 1475 2708 dispositio;

298 2729 371 2796 sive
395 2730 621 2814 subsequatur
644 2731 714 2795 sola
738 2731 948 2796 confirmatio
972 2738 1006 2809 et
1029 2729 1239 2817 approbatio.
1268 2727 1473 2795 Huiusmodi

299 2837 433 2902 decreta
450 2837 505 2900 vel
516 2835 700 2902 decisiones
728 2860 807 2902 vere
826 2845 906 2902 sunt
929 2836 1242 2923 Congregationum
1258 2843 1344 2920 acta,
1358 2857 1476 2920 quam-

299 2942 351 3008 vis
387 2942 514 3028 passim
537 2943 755 3030 appellentur
771 2945 903 3009 decreta
927 2947 1054 3028 Papae,
1079 2951 1160 3010 acta>
1180 2944 1371 3030 Pontificio,
1396 2949 1476 3007 acta

299 3052 349 3114 vel
374 3052 505 3115 decreta
529 3051 563 3116 S.
589 3051 695 3116 Sedis.

394 3157 499 3220 Tertii
518 3160 648 3242 pencris
671 3157 807 3222 decreta
830 3164 910 3222 sunt
933 3179 1019 3243 quae
1046 3146 1213 3242 prodeunt
1237 3178 1256 3220 a
1280 3155 1475 3240 Congrege-

299 3262 450 3328 tionibus
485 3263 610 3347 absque
644 3263 715 3328 ulla
750 3263 925 3328 Pontificis
948 3263 1193 3349 approbatione
1215 3285 1274 3328 seu
1298 3263 1475 3328 confirma-

299 3368 401 3433 tione.
437 3369 486 3432 Et
508 3367 701 3433 huiusmodi
731 3376 806 3434 acta
829 3369 965 3453 quidem
989 3368 1155 3434 censenda
1177 3375 1257 3434 sunt
1279 3369 1381 3454 pleno
1404 3364 1477 3430 frui

370 3635 409 3704 (1)
430 3635 474 3688 De
494 3634 614 3702 origine
635 3641 665 3688 et
680 3640 789 3688 natura
803 3635 884 3690 Sacr.
897 3633 983 3688 Rom.
998 3632 1279 3704 congregationum
1298 3631 1369 3686 vido
1385 3634 1476 3702 Lapa,

299 3721 528 3776 Praeleotiones
549 3723 579 3776 in
600 3730 704 3777 textus
725 3724 790 3796 iur.
803 3740 868 3778 can.
889 3723 934 3776 De
954 3722 1011 3777 iur.
1031 3723 1102 3776 ocrl.
1122 3721 1191 3778 Lib.
1210 3720 1233 3786 Ι,
1254 3719 1313 3774 vol.
1334 3719 1376 3787 11,
1397 3737 1424 3791 p.
1438 3717 1472 3772 Il

296 3815 345 3866 tit.
365 3813 389 3868 I.

369 3919 408 3987 (2)
429 3921 564 3988 Philum,
586 3919 606 3973 l.
624 3938 648 3973 o.
668 3917 697 3990 ξ.
715 3919 777 3984 319,
798 3935 824 3988 p.
845 3919 897 3972 558
918 3923 948 3971 et
968 3934 1061 3987 seqq.;
1082 3918 1178 3983 Santi,
1197 3915 1217 3970 l.
1236 3933 1260 3970 c.
1280 3933 1309 3970 n.
1329 3916 1375 3970 41.

367 4027 407 4094 (3)
427 4026 631 4095 Excipiuntur
651 4027 679 4080 S.
700 4024 733 4079 O.
753 4027 781 4080 S.
800 4024 1029 4096 Inquisitionis,
1049 4021 1283 4078 Corrcistorialis
1304 4029 1335 4076 ot
1362 4020 1476 4075 Visita-
1551 4001 1554 4008 ¹

296 4113 392 4170 tionis
411 4114 517 4185 Apost.
537 4132 663 4184 quorum
685 4113 906 4184 praefecturam
926 4114 991 4183 ipse
1012 4113 1039 4166 S.
1054 4111 1198 4166 Pontifex
1212 4109 1273 4165 sibi
1294 4109 1474 4166 reservavit.
