3234 4902
1347 411 1384 466 tl

216 537 323 625 guina
361 535 548 602 abhorruit.
588 535 743 600 Primum
780 534 909 620 pluries
939 533 1097 600 monebat
1117 534 1303 600 haereticos
1325 531 1386 618 qui

194 641 196 646 ’
222 669 292 712 sese
330 650 554 710 retractantes
588 641 724 708 veniam
762 641 960 708 obtinebant
990 645 1060 724 (1);
1099 643 1234 727 quando
1270 649 1384 708 autem

222 752 331 818 omnis
353 735 428 838 spes
452 751 494 816 ad
517 749 671 816 meliores
695 769 811 815 sensus
833 771 888 814 eos
911 749 1130 815 convertendi
1152 748 1384 834 evanescebat,
1526 759 1533 792 -”
1550 735 1607 840 ab

1546 835 1581 866 ·‘'r'
1590 853 1594 874 ι
1606 864 1607 873 ,

218 860 281 926 SS.
305 859 469 925 Ufficium
492 858 567 923 illos
597 855 761 922 saeculari
777 855 915 922 brachio
948 855 1113 922 tradendo
1134 855 1293 922 ritualem
1316 855 1384 922 for·

218 965 345 1031 mulam
369 963 551 1030 adhibebat
576 990 594 1024 ‹
618 971 657 1028 ut
687 985 789 1048 quam
813 961 990 1028 mitissime
1013 962 1218 1048 punirentur
1240 970 1274 1027 et
1297 962 1385 1028 citra
1488 1009 1490 1042 s
1526 963 1602 1014 a

207 1071 387 1158 sanguinis
410 1069 609 1136 effusionem
632 1095 650 1130 »
676 1072 731 1152 (2).

232 1223 235 1230 2
298 1179 466 1264 Bioptcm
489 1176 669 1242 historicus
692 1182 884 1260 protestans
906 1175 1153 1242 demonstravit
1161 1197 1288 1262 poenas
1302 1178 1381 1244 has-
1440 1213 1441 1216 ¹

214 1284 329 1350 reticis
369 1285 546 1370 irrogatas,
587 1283 630 1348 ab
664 1282 764 1348 initio
798 1281 994 1350 mitissimas
1029 1283 1133 1350 fuisse
1155 1292 1190 1348 et
1211 1283 1383 1354 ordinario
1427 1279 1430 1286 ’
1466 1363 1467 1366 ¹
1533 1281 1606 1334 *²

121 1397 124 1402 “
211 1392 383 1478 simplices
406 1391 571 1474 mulctas;
607 1398 723 1476 postea
759 1391 894 1476 quando
926 1412 1079 1456 excessus
1102 1399 1137 1456 et
1159 1391 1291 1458 furores
1314 1394 1381 1461 Do

214 1499 418 1566 natistarum
446 1499 667 1584 imperatores
700 1506 921 1564 co'e'rcuerunt
947 1499 990 1563 ad
1012 1521 1155 1584 poenam
1171 1499 1293 1584 capitis
1314 1509 1380 1568 sta·

211 1601 513 1672 tuendam'contra
535 1604 635 1690 ipsos,
660 1603 846 1690 Episcopos
881 1604 980 1690 longe
1011 1605 1131 1670 abiisse
1154 1613 1194 1671 ut
1216 1608 1380 1693 approba·
1437 1687 1439 1692 ,
1488 1575 1489 1578 ¹
1532 1573 1550 1662 i,

212 1719 289 1778 rent
311 1713 415 1778 talem
437 1713 585 1798 rigorem
611 1718 646 1776 et
668 1711 814 1776 multum
848 1710 1037 1778 industrias
1064 1713 1256 1779 adhibuisse
1288 1716 1380 1800 apud

180 1857 182 1861 ⁴
206 1819 429 1906 magistratus
441 1843 483 1884 ne
495 1817 657 1884 haeretici
680 1841 789 1903 poena
811 1817 932 1904 capitis
959 1817 1202 1886 damnarentur
1224 1822 1380 1906 quamvis

208 1926 335 2014 pluries
359 1925 551 1992 homicidiis
574 1926 627 1991 vel
652 1925 728 1990 aliis
751 1923 960 1991 facinoribus
984 1927 1031 1991 rei
1055 1934 1166 1992 essent
1188 1930 1246 2010 (3).

297 2033 414 2120 Igitur
436 2032 464 2098 si
490 2033 673 2118 aliquando
707 2032 832 2100 abusus
869 2032 1084 2118 interierunt,
1109 2033 1145 2099 hi
1167 2057 1235 2100 non
1258 2059 1300 2101 ex
1322 2037 1379 2102 In-

209 2140 395 2226 quisitione
418 2163 556 2206 romana
579 2162 665 2224 quae
689 2139 757 2205 imo
780 2146 819 2204 ut
833 2139 981 2206 maxima
998 2141 1153 2227 apologia
1175 2141 1380 2210 christianae

217 2247 392 2335 religionis
415 2247 569 2312 habenda
592 2248 646 2330 (4),
670 2247 728 2312 sed
751 2270 793 2312 ex
819 2246 889 2312 illis
921 2247 1076 2313 fundatis
1105 2249 1147 2314 ob
1169 2271 1308 2334 scopum
1329 2274 1381 2317 re-

211 2354 599 2439 ligiosum-nationalem,
624 2351 877 2438 organisatione
900 2353 1014 2438 potius
1036 2353 1130 2420 civili
1154 2377 1256 2440 quam
1278 2357 1380 2423 ecole-

216 2461 361 2546 siastica,
397 2469 436 2527 ut
460 2461 529 2526 fuit
563 2461 745 2546 Inquisitio
779 2460 966 2546 hyspanica
997 2485 1083 2546 quae
1116 2485 1183 2528 non
1208 2463 1382 2531 iudicabat

218 2577 353 2636 tantum
376 2571 417 2634 de
442 2569 642 2634 criminibus
653 2552 820 2654 religiosis
836 2569 894 2634 sed
910 2576 944 2633 et
959 2569 1000 2634 de
1015 2569 1171 2654 pluribus
1186 2569 1262 2636 aliis
1285 2578 1324 2636 ut
1337 2573 1380 2638 de

215 2676 349 2742 delictis
366 2685 483 2769 contra
506 2684 674 2758 naturam,
688 2677 729 2742 de
741 2675 984 2761 seductoribus,
1013 2676 1231 2762 blasphemiis
1247 2685 1309 2744 etc.
1326 2683 1380 2762 (5).

295 2785 348 2848 48.
375 2785 446 2850 Nec
472 2784 655 2848 dicendum
679 2783 738 2848 SS.
762 2783 942 2848 Pontifices
957 2805 1025 2848 non
1041 2784 1296 2870 reprehendisse
1317 2785 1379 2872 hy-

207 2891 367 2978 spanicae
390 2889 626 2977 Inquisitionis
649 2891 874 2956 severitatem.
899 2889 970 2956 Sub
999 2889 1073 2976 ipso
1096 2891 1198 2976 Systo
1220 2893 1271 2957 IV
1293 2893 1377 2959 rela-

208 2997 317 3064 tiones
340 2997 578 3084 diplomaticae
593 3004 714 3082 ruptae
730 3004 809 3061 sunt
835 2997 899 3062 hac
915 2997 955 3062 de
970 3021 1070 3063 causa
1085 2998 1187 3063 inter
1198 2999 1230 3064 S.
1255 3000 1377 3066 Sedem

205 3112 243 3170 et
269 3106 400 3190 Regem
434 3103 630 3190 Hispaniae.
665 3104 778 3188 Reges
812 3103 914 3170 etiam
946 3104 1111 3170 curabant
1132 3105 1298 3191 impedire
1320 3129 1378 3193 ap-

217 3211 417 3297 pellationes
448 3213 490 3277 ad
529 3211 564 3278 S.
587 3212 709 3277 Sedem
739 3233 816 3276 cum
851 3212 953 3278 facile
986 3213 1028 3278 ab
1063 3237 1101 3279 ea
1123 3203 1380 3290 absolverentur
1432 3211 1433 3214 ’

215 3317 333 3403 quiin
357 3319 525 3405 Hispania
548 3317 700 3384 damnati
724 3319 862 3386 fuerant
886 3321 940 3403 (6).

276 3514 317 3586 (1)
339 3505 400 3568 cfr.
419 3517 503 3585 Aroy.
525 3517 648 3581 Nisam,
667 3514 796 3586 Apolog.
817 3515 933 3586 lnquis.
954 3515 984 3568 in
1006 3522 1072 3586 eph.
1091 3537 1106 3566 a
1127 3515 1171 3568 La
1190 3515 1294 3570 scuola
1316 3522 1376 3570 cat·

211 3603 306 3658 tolica
324 3623 339 3653 »
360 3604 433 3659 fasc.
455 3605 505 3657 119
525 3609 554 3658 et
576 3603 815 3669 120‚N0v.1)i0.
836 3606 924 3672 188ae
948 3603 1062 3667 01111111,
1090 3603 1190 3656 Storia
1209 3603 1291 3674 degli
1314 3621 1374 3657 ere·
1447 3660 1449 3665 ,

147 3715 148 3718 ’
204 3691 261 3746 tici
282 3692 313 3746 in
334 3693 435 3758 Italia,
456 3693 514 3747 vol.
532 3695 558 3748 2.
579 3691 628 3746 Gli
649 3693 755 3748 cretici
776 3695 806 3746 in
828 3693 976 3748 Toscana.

276 3799 317 3870 (2)
336 3799 444 3865 0111111,
465 3817 512 3869 op.
532 3798 581 3852 cit.

276 3907 318 3977 (3)
338 3907 423 3978 Orig.
442 3907 525 3962 Eccl.
544 3907 613 3963 Lib.
632 3909 679 3975 16„
693 3926 717 3962 c.
735 3909 762 3962 2.

275 4015 319 4084 Ι(4)
340 4019 469 4082 Balanea,
491 4032 536 4086 op.
556 4015 609 4070 cit.
627 4017 684 4069 vol.
705 4015 745 4083 11,
767 4033 834 4086 pag.
849 4017 911 4074 290.

268 4121 318 4192 (ὅ)
339 4120 401 4177 Cfr.
420 4123 611 4184 DcMaistre,
645 4121 895 4193 L'inquisizione
914 4122 1033 4177 svelata
1052 4154 1085 4162 —
1114 4123 1237 4175 Lettere
1265 4119 1303 4174 ad
1333 4135 1373 4172 un

202 4211 394 4282 gentiluomo
413 4229 509 4268 russo.
1359 4273 1362 4278 ¹

276 4301 318 4371 (6)
343 4302 501 4374 Occupatis,
522 4319 568 4372 op.
589 4301 676 4356 cite.
695 4301 736 4367 II,
757 4304 799 4357 ai.
823 4299 875 4367 VI,
896 4299 915 4373 ξ
934 4303 960 4369 9;
979 4305 1107 4369 Reimea,
1127 4317 1174 4372 op.
1192 4297 1243 4354 cit.
1263 4298 1319 4352 vol.
1335 4297 1378 4366 ΙΙ,

203 4409 231 4462 p.
250 4391 323 4452 292:
343 4389 453 4460 Hefele',
474 4394 619 4457 Ximeues,
640 4392 742 4448 Gema
1085 4397 1087 4403 '
