3234 4902
1342 308 1359 364 7

272 450 307 516 S.
332 448 521 514 Antoninus
542 449 702 516 affirmat:
733 479 748 508 ι
771 451 860 535 leges
885 448 1060 514 canonicas
1081 471 1151 514 esse
1174 471 1276 534 supra
1291 470 1360 515 om·

183 575 241 619 nes
264 554 430 620 humanas
453 555 542 641 leges
567 585 597 619 ».

263 650 459 728 'Occultum
486 665 683 728 Toletouum
707 665 731 727 I
736 665 766 729 V
784 668 851 746 (an.
877 663 968 744 633p
997 691 1012 722 e
1036 662 1151 729 Sciant
1174 663 1360 754 sacerdotes

184 767 367 854 scripturas
390 790 500 833 sacras
522 775 557 833 et
580 790 722 836 canones
745 799 776 836 ».

276 876 460 943 Concilium
485 877 691 944 Bituricensc
716 881 783 960 (an.
811 878 920 959 loom:
945 903 964 938 ‹
987 877 1264 962 Υ[1000103100ῖοιο
1300 877 1357 942 do-

183 982 368 1048 ctrinarum
391 984 514 1048 solidae
536 983 693 1050 scientiae
715 984 874 1070 coniungi
897 985 995 1050 debet
1011 983 1186 1051 Oanonum
1210 983 1358 1069 cognitio

98 1129 100 1132 -
184 1089 298 1154 ...sine
321 1112 388 1175 qna
411 1089 594 1176 Theologia
616 1089 681 1155 erit
697 1089 894 1177 imperfecta
909 1098 943 1155 et
959 1090 1054 1176 quasi
1071 1113 1202 1173 manca,
1215 1111 1274 1156 neo
1290 1109 1358 1155 non

183 1196 282 1262 multi
305 1218 431 1262 errores
454 1198 495 1262 de
516 1197 664 1263 Romani
687 1197 871 1280 Pontificis‚
895 1195 1141 1284 Episcoporum
1154 1196 1295 1276 iuribus,
1320 1219 1358 1262 ac

182 1302 378 1390 praesertim
400 1303 441 1367 de
464 1308 630 1388 potestate
653 1323 755 1388 quam
780 1301 927 1368 Ecclesia
949 1301 1022 1368 iure
1045 1302 1182 1389 proprio
1198 1301 1357 1384 exercuit,

183 1430 244 1496 pro
268 1408 431 1474 varietate
454 1420 644 1496 temporum
668 1407 810 1474 forsitan
835 1419 978 1496 serpent,
1002 1417 1036 1472 et
1061 1408 1227 1495 paulatim
1254 1409 1360 1500 ¹inva-

184 1515 308 1582 lescent
330 1545 361 1580 ν.

272 1677 304 1740 4·
331 1676 536 1750 scientiae
561 1677 835 1750 subsidiariae
861 1676 957 1748 iuris
986 1675 1268 1749 ecclesiastici.

273 1801 370 1866 Aliae
393 1809 473 1866 sunt
496 1822 616 1873 sacrae,
641 1800 725 1866 aliae
750 1799 919 1887 profanae.
954 1801 1050 1865 Inter
1084 1801 1209 1887 primas
1248 1821 1357 1868 recen-

186 1929 316 1973 semus:

273 2015 300 2080 1.
324 2016 500 2102 Eccpesim
535 2016 687 2080 biblicam
727 2013 807 2100 quia
831 2012 865 2078 S.
890 2013 1066 2101 Scriptura
1088 2013 1238 2080 continet
1261 2015 1356 2100 quasi

182 2121 385 2188 lineamenta
417 2121 501 2186 iuris
538 2121 762 2204 ecclesiastici,
801 2123 889 2188 sicut
920 2120 1105 2187 vice-versa
1139 2143 1281 2188 canones
1304 2128 1358 2204 (ut

181 2227 230 2292 ait
253 2227 374 2292 Petrus
408 2227 596 2313 Blegensis)
636 2235 716 2292 sunt
757 2229 991 2315 supplementa
1027 2227 1280 2314 evangeliorum
1322 2234 1357 2293 et

184 2333 450 2422 prophetiarum.

274 2442 321 2506 II.
357 2442 515 2508 Studium
549 2441 610 2508 SS.
636 2444 781 2506 Petram
804 2449 835 2506 ct
861 2440 1084 2508 Consiliorum
1118 2441 1207 2528 quia,
1244 2439 1356 2506 0001-

184 2549 346 2633 debimus,
387 2547 502 2612 Patres
543 2556 577 2613 et
601 2547 751 2614 Concilia
785 2549 874 2614 inter
908 2549 1016 2614 fontes
1053 2548 1118 2615 iur.
1142 2571 1214 2614 can.
1256 2550 1359 2614 adnu-

184 2664 367 2722 merantur.

274 2763 341 2828 III.
370 2765 581 2850 Tltcolcpiom
604 2763 683 2848 quia
706 2763 974 2850 iurisprudentia'
1007 2785 1080 2828 can.
1115 2761 1358 2849 praesupponit
1437 2766 1439 2770 '

183 2869 387 2956 theologiam
424 2870 562 2958 ipsaque
585 2878 760 2956 tamquam
783 2870 1003 2936 fundamento
1034 2877 1105 2934 tota
1133 2869 1264 2934 nititur.

272 2977 330 3044 IV.
356 2980 545 3044 Historiam
568 2979 693 3043 Ecclcs.
719 3001 805 3064 quae
828 2987 941 3045 ortum
964 2985 998 3042 et
1014 2998 1227 3064 progressum
1250 2985 1284 3042 et
1302 2975 1353 3040 vi-

170 3085 395 3159 cissitudines
417 3083 501 3150 iuris
524 3085 600 3150 eccl.
632 3085 738 3150 docet.

271 3191 366 3256 Inter
389 3190 557 3278 profanas:

273 3299 300 3364 I.
326 3299 387 3363 Ius
410 3300 567 3364 naturale
599 3320 641 3363 ex
676 3319 743 3384 quo
781 3296 988 3362 dirimuntur
1011 3297 1143 3384 saepius
1166 3304 1357 3360 controver-

184 3403 251 3470 siae
274 3405 446 3491 graviores
469 3427 554 3490 quae
585 3404 621 3468 in
656 3405 776 3470 scholis
814 3403 999 3489 agitantur,
1038 3411 1072 3470 et
1109 3403 1285 3468 consilium
1323 3408 1358 3492 et

152 3511 154 3516 ⁴
182 3514 296 3580 lumen
327 3515 505 3580 subvenire
529 3521 638 3602 potest
661 3515 703 3580 ad
727 3517 841 3580 omnes
863 3514 948 3580 iuris
972 3512 1211 3598 ambiguitates
1241 3507 1358 3576 diluci-

184 3621 311 3686 dandas
335 3622 395 3703 (1).

272 3729 321 3794 ΙΙ.
347 3731 408 3794 Ius
430 3731 526 3796 civile
541 3737 576 3795 et
601 3730 637 3794 in
666 3730 772 3817 specie
795 3751 993 3811 romouom3
1018 3727 1169 3794 Ecclesia
1190 3725 1282 3800 enim
1298 3745 1359 3810 per

182 3834 366 3921 imperium
388 3858 565 3902 romanum
588 3835 714 3902 diffusa
738 3843 798 3920 est,
817 3835 990 3901 Ecclesiae
1013 3835 1104 3919 leges
1123 3841 1157 3898 et
1180 3853 1358 3899 romanum

182 3940 237 4007 ius
260 3949 379 4008 mutuo
401 3965 471 4008 sese
494 3965 555 4029 per
569 3944 669 4028 plura
686 3943 821 4008 saecula
836 3947 1142 4028 compenetrarunt,
1168 3939 1358 4026 complures

256 4191 296 4262 (l)
313 4193 480 4264 Zoilinpcm
499 4193 536 4246 de
555 4209 613 4246 usu
635 4201 664 4246 st
685 4192 884 4265 systematica
904 4188 1086 4246 deductione
1095 4189 1184 4244 'iuris
1206 4189 1357 4244 naturalis

184 4285 216 4334 et
236 4281 307 4336 eccl.
328 4281 454 4352 publici,
473 4279 492 4354 ᾗ
511 4282 537 4336 4.
