3266 4896
1311 381 1362 434 129

186 513 361 570 reservata
382 502 546 568 electione
568 503 729 589 Capitulo
752 503 923 570 Ecclesiae
946 503 1159 570 Cathedralis
1183 526 1260 568 cum
1283 525 1360 570 con-

187 610 380 677 firmatione
402 609 665 696 metropolitani.

277 721 318 784 V.
344 719 399 784 Ab
421 717 532 783 initiis
554 741 639 784 seeo.
663 719 751 785 XIV
774 741 813 784 ao
844 717 1002 805 deinceps
1025 718 1078 784 ius
1096 718 1289 806 ¹Episcopos
1304 717 1362 784 eli-

188 827 288 914 gendi
311 834 505 894 reservatur
528 828 564 892 S.
588 825 747 894 Pontifici
781 829 828 909 (1)
862 826 1013 912 primum
1047 826 1194 913 quidem,
1207 827 1361 892 absolute

188 947 223 1002 ct
244 935 367 1002 deinde
391 934 484 1000 facta
505 932 718 1019 principibus
741 933 971 1000 saecularibus
997 935 1242 1018 (Elipotestate
1264 955 1361 1018 prae-

188 1041 341 1110 sentandi
364 1063 472 1106 unum
505 1041 559 1106 vol
592 1040 707 1125 plures
729 1040 918 1105 sacerdotes
940 1037 1123 1125 episcopali
1147 1061 1287 1104 munere
1310 1039 1360 1104 di-

187 1173 281 1238 gnos,
307 1147 522 1234 Apostolicae
545 1147 624 1213 Sodi
647 1153 687 1211 ut
708 1143 783 1232 ipsa
815 1145 922 1232 eligat
944 1147 1053 1232 magis
1075 1147 1234 1212 idoneum
1257 1147 1283 1211 si
1310 1170 1361 1212 re·

188 1281 269 1324 vera
291 1256 436 1342 dignum
460 1253 618 1340 reperiat.
970 1259 972 1263 ’

278 1365 352 1428 142.
377 1363 433 1426 Ex
455 1360 555 1426 dictis
569 1383 651 1447 ergo
677 1362 767 1426 clare
793 1369 889 1448 patet
903 1362 1035 1427 nullum
1051 1355 1214 1446 umquam
1238 1363 1362 1448 populo

187 1471 357 1536 tributum
380 1467 486 1534 fuisse
521 1467 574 1533 ius
600 1467 757 1554 propriae
791 1469 901 1534 dictae
935 1468 1120 1550 electionis,
1144 1470 1202 1534 sed
1225 1477 1362 1535 tantum

187 1579 388 1644 facultatem
413 1599 603 1642 concessam
634 1575 739 1641 fuisse
759 1579 959 1660 postulandi
982 1584 1042 1642 aut
1066 1579 1289 1643 testimouium
1312 1581 1361 1664 se-

187 1686 283 1750 rendi
307 1686 351 1768 (3)
381 1684 424 1749 de
447 1683 540 1748 fama
561 1691 596 1748 et
618 1683 794 1747 honestate
819 1682 1064 1768 eligendorum.
1088 1683 1272 1768 Perperam
1296 1684 1361 1769 igi-

187 1799 246 1858 tur
266 1790 431 1857 asseritur
454 1790 497 1855 ad
520 1789 573 1854 ius
595 1787 753 1853 divinum
777 1788 947 1874 pertinere
982 1797 1022 1854 ut
1055 1787 1174 1856 electio
1198 1790 1360 1878 Episcopi

187 1897 325 1984 proprie
345 1921 365 1962 a
388 1897 487 1982 plebe
509 1897 578 1961 fiat.

277 2005 431 2070 Potestas
459 2001 686 2070 constituendi
712 2001 899 2088 Episcopos
926 2003 1098 2090 competit,
1132 2012 1171 2068 ut
1202 2004 1360 2088 vidimus,

187 2111 248 2178 uni
272 2113 426 2178 Romano
450 2109 605 2177 Pontifici
629 2110 704 2176 iure
727 2109 865 2196 proprio
888 2118 922 2176 et
944 2111 1072 2194 nativo,
1096 2121 1131 2176 et
1154 2111 1181 2176 si
1198 2111 1361 2200 Episcopi

186 2219 412 2306 provinciales
435 2220 490 2284 vel
514 2218 674 2304 Capitula
697 2219 929 2284 Ecclesiamm
953 2218 1199 2284 cathedralium
1224 2219 1279 2284 vel
1302 2217 1361 2284 aiii

186 2326 301 2392 clerici
324 2326 507 2412 aliquando
522 2325 566 2390 ·in
588 2325 803 2392 nominandis
818 2325 998 2411 Episcopis
1021 2326 1202 2410 quamdam
1226 2332 1360 2410 partem

186 2434 383 2500 habuerunt
407 2433 458 2498 vel
491 2433 619 2498 habent
642 2435 696 2517 (4),
723 2433 806 2499 haec
831 2440 882 2498 est
904 2455 1037 2519 semper
1052 2433 1235 2518 repetenda
1259 2456 1301 2496 ex
1317 2433 1360 2498 R.

261 2629 301 2700 (1)
322 2633 517 2698 Thomassin,
538 2629 556 2684 1.
576 2648 600 2683 c.
620 2629 706 2695 c.30,
728 2646 756 2682 n.
776 2631 802 2695 2,
820 2629 847 2695 3,
867 2646 892 2683 c.
913 2629 956 2690 32,
987 2629 1040 2695 40;
1073 2632 1204 2700 stipanti,
1233 2629 1310 2698 Reg.
1335 2631 1361 2696 2,

188 2719 323 2777 Cancell.
342 2721 408 2788 Ap,
427 2715 447 2792 ξ
467 2719 490 2772 Ι.

259 2809 300 2879 (2)
321 2809 365 2862 De
393 2808 450 2861 hac
483 2807 681 2862 concessione
714 2805 907 2876 principibus
939 2806 1022 2860 facta
1053 2825 1070 2860 a
1101 2807 1240 2862 Concilio
1270 2799 1374 2872 'Eritis

187 2913 263 2950 sess.
283 2895 405 2961 XXIII,
425 2895 611 2949 declaratum
631 2901 686 2948 est:
709 2914 722 2943 ι
743 2894 778 2947 ln
801 2894 994 2948 ordinatione
1014 2895 1242 2965 Episcoporum,
1264 2911 1362 2950 sacer·

187 2985 291 3038 dotum
311 2993 342 3038 et
361 2991 530 3038 ceterorum
550 2983 690 3037 ordinum
719 3001 774 3038 nec
795 2984 909 3054 popuii,
942 3002 997 3038 nee
1026 2984 1163 3038 cuiusvis
1194 2983 1363 3038 saecularis

186 3074 350 3144 potestatis
369 3090 551 3127 consensum
572 3073 636 3126 sive
657 3073 858 3138 vocationem,
879 3073 944 3128 sive
965 3073 1178 3128 auctoritatem
1200 3072 1243 3128 ita
1264 3073 1363 3144 requi-

187 3161 223 3235 ri,
243 3171 278 3216 ut
301 3163 367 3216 sine
382 3181 418 3216 ea
438 3162 526 3215 irrita
545 3162 587 3215 sit
606 3162 758 3216 ordinatio
780 3162 855 3233 quin
876 3161 978 3232 potius
998 3179 1049 3216 eos
1081 3162 1131 3232 qui
1152 3163 1363 3216 tantummodo

187 3269 205 3304 a
225 3253 346 3324 populo,
363 3261 417 3306 aut
436 3251 588 3306 saeculari
607 3259 758 3322 potestate
780 3271 814 3306 ac
836 3252 1019 3322 magistratu
1039 3252 1138 3307 vocati
1167 3261 1197 3306 et
1225 3252 1362 3307 instituti

188 3346 227 3402 ad
247 3345 322 3398 haec
343 3341 517 3397 ministeria
536 3343 705 3396 exercenda
735 3344 914 3408 ascendunt,
935 3361 994 3397 non
1014 3335 1173 3398 Ecclesiae
1202 3342 1363 3397 ministros

187 3435 242 3490 sed
260 3433 344 3488 fures
363 3443 393 3486 et
415 3434 550 3486 latrones
570 3450 623 3503 per
643 3433 754 3487 ostium
777 3433 934 3504 ingressos
953 3433 1112 3488 habendes
1132 3451 1198 3488 esse
1219 3451 1243 3487 ».

260 3525 342 3594 Ergo
362 3526 527 3578 nominatio
545 3525 626 3594 repta
656 3540 716 3594 qua
735 3523 877 3592 princeps
897 3529 1074 3593 praesentat
1094 3540 1148 3576 seu
1168 3521 1304 3575 nominat
1325 3521 1364 3574 E·

186 3611 328 3683 piscopos
361 3611 392 3664 in
426 3611 491 3665 suis
511 3611 697 3676 ditionibus,
729 3628 788 3664 non
820 3618 866 3664 est
898 3613 946 3666 ius
978 3611 1131 3682 proprium
1167 3609 1287 3681 imperii
1308 3609 1363 3664 sed

188 3701 300 3771 pendet
320 3719 357 3754 ex
377 3700 542 3774 privilegio
561 3709 615 3754 aut
634 3703 671 3755 ei
691 3709 779 3772 pacto
813 3708 963 3754 convento
982 3718 1049 3754 cum
1069 3701 1098 3754 S.
1116 3701 1192 3754 Sede
1214 3717 1290 3770 quae
1311 3717 1361 3754 no·

187 3789 329 3858 minutos,
349 3790 375 3844 si
396 3789 473 3843 nihil
507 3789 617 3851 obstat,
646 3789 793 3845 instituit.
815 3789 876 3844 Cfr.
896 3793 1002 3845 Natat.
1022 3793 1114 3856 Alea,
1135 3807 1180 3860 op.
1201 3789 1260 3856 cit,
1282 3806 1361 3844 saec.

187 3877 246 3932 XV
265 3885 295 3932 et
317 3879 401 3946 XVI,
422 3879 496 3936 diss.
515 3879 555 3945 II,
579 3885 634 3935 art.
653 3879 679 3942 6,
694 3895 725 3935 n.
745 3879 773 3946 73
792 3879 909 3945 lucain,
931 3879 1044 3934 Comm.
1062 3877 1135 3934 hist.
1155 3887 1185 3932 et
1206 3879 1305 3948 dogm.
1326 3879 1363 3932 de

187 3985 273 4036 sacr,
293 3967 369 4022 diss.
387 3969 431 4036 10,
451 3969 499 4024 tit.
519 3969 577 4034 III,
597 3987 623 4025 a.
642 3970 679 4036 33
709 3971 841 4039 Ripoali,
862 3969 880 4023 l.
901 3986 925 4024 c.
945 3966 1004 4039 §L
1019 3986 1048 4022 n.
1063 3969 1096 4022 la
1115 3975 1146 4022 et
1158 3985 1250 4039 seqq,
1271 3975 1363 4040 atque

187 4074 217 4112 n.
235 4058 270 4112 56
290 4063 320 4110 et
340 4075 424 4130 seqq.

260 4162 514 4232 mumma

260 4270 299 4338 (4)
319 4269 487 4342 Aliquibus
507 4271 538 4324 in
559 4271 748 4341 regionibus,
768 4279 803 4325 ut
822 4290 848 4326 v.
868 4289 913 4342 gr.
934 4271 964 4325 in
985 4271 1119 4326 statibus
1140 4271 1253 4328 foetor.
1274 4273 1364 4328 Ame-

239 4391 374 4436 lunam:
387 4417 413 4426 —
428 4393 547 4438 Monta
561 4395 625 4438 turia
637 4393 690 4440 eorl.
701 4393 767 4448 publ.
782 4396 803 4438 et
813 4396 915 4448 moute.
1283 4395 1311 4438 10
