3266 4896
311 369 364 422 144

390 494 465 553 Fuit
485 494 651 569 aliquando
675 500 807 570 tempus,
829 513 898 551 cum
934 493 1114 569 evangelica
1145 491 1340 567 philosophia
1372 490 1487 566 guber-

309 598 400 650 naret
421 591 577 650 oivitates:
599 611 658 669 quo
692 598 830 668 tempore
861 591 1054 650 christianae
1084 589 1257 667 sapientiae
1291 592 1341 647 vis
1362 588 1418 645 illa
1452 595 1487 646 et

309 689 417 748 divina
438 693 541 748 virtus
563 693 596 748 in
618 690 713 767 leges,
736 689 893 755 instituta,
917 709 1016 750 mores
1035 689 1227 767 populorum,
1248 691 1281 747 in
1303 705 1410 748 omnes
1424 689 1481 745 roi-

308 787 450 864 publicae
471 787 597 848 ordines
619 791 821 864 rationesque
842 794 1073 866 penetraverat:
1095 807 1164 848 oum
1179 787 1289 862 religio
1304 805 1361 862 per
1378 785 1481 844 Isson

309 884 480 944 Oflmsrun
501 886 649 944 instituta
674 887 711 949 in'
730 905 774 962 eo,
796 905 856 961 quo
877 905 1008 960 aequum
1029 892 1107 962 erat,
1129 885 1296 962 dignitatis
1317 883 1417 960 gradu
1431 880 1484 942 fir-

309 987 404 1044 miter
425 985 582 1063 oollocata,
603 985 707 1061 gratia
730 989 906 1062 principum
929 987 1129 1062 legitimaque
1144 986 1386 1058 magistratunm
1402 987 1483 1040 tute-

309 1082 340 1140 la
360 1083 474 1158 ubique
495 1082 630 1143 floreret:
651 1093 722 1142 'cum
746 1084 952 1142 sacerdotium
975 1091 1068 1160 atque
1090 1085 1255 1158 imperium
1274 1079 1437 1140 concordia
1451 1085 1484 1136 et

309 1183 408 1238 amica
429 1179 597 1240 officiorum
619 1181 805 1241 vicissitudo
827 1184 987 1257 auspicato
1009 1184 1220 1257 coniungeret.
1256 1179 1361 1253 quue
1396 1177 1485 1236 modo

309 1280 478 1354 composita
499 1281 612 1337 civitas
633 1279 757 1338 fructus
780 1279 855 1337 tulit
890 1281 973 1336 omni
1008 1281 1152 1355 opinione
1185 1280 1326 1354 maiores,
1354 1294 1484 1350 quorum

310 1378 395 1450 viget
417 1379 565 1434 memoria
585 1381 618 1435 et
640 1378 761 1453 vigebit
783 1379 1065 1437 innumerabilibus
1087 1395 1189 1434 rernm
1223 1389 1381 1451 gestarum
1413 1391 1480 1430 con·

310 1474 434 1548 signata
455 1474 672 1552 monumentis,
695 1493 773 1548 quae
795 1474 882 1534 nulla
903 1476 1154 1534 adversariorum
1175 1480 1243 1532 arte
1258 1473 1412 1548 eorrumpi
1428 1475 1485 1527 aut

309 1569 466 1628 obscurari
490 1580 629 1646 possunt.
651 1608 691 1616 —
714 1571 803 1646 Quod
825 1573 949 1650 Europe
981 1573 1154 1632 christiana
1190 1570 1338 1628 barbaras
1371 1573 1487 1646 gentes

309 1666 456 1744 edomuit,
477 1685 589 1742 easque
611 1689 629 1726 a
650 1668 779 1728 feritate
801 1671 841 1728 ad
863 1670 1142 1742 mansuetudinem,
1165 1690 1182 1727 a
1204 1670 1427 1745 superstitione
1443 1663 1483 1722 ad

308 1768 476 1823 veritatem
511 1766 661 1833 traduxit:
701 1769 781 1842 quod
817 1768 1104 1827 Maomethanorum
1139 1770 1334 1826 incursiones
1367 1765 1484 1824 victrix

310 1863 513 1940 propulsavit:
535 1867 614 1940 quod
635 1868 739 1926 civilis
761 1867 864 1926 cultus
884 1870 1095 1944 principatum
1117 1869 1258 1943 retinuit,
1280 1871 1313 1924 et
1333 1863 1370 1922 ad
1394 1880 1486 1922 omne

309 1963 404 2022 decus
425 1964 632 2024 humanitatis
654 1966 762 2026 ducem
785 1986 818 2027 se
844 1969 1084 2043 magistramque
1103 1967 1252 2043 praebere
1273 1966 1388 2024 ceteris
1413 1981 1484 2020 con-

310 2065 422 2121 suevit:
444 2063 522 2136 quod
545 2081 723 2138 germanam
749 2063 929 2123 libertatem.
944 2083 1071 2138 eamque
1086 2063 1291 2139 multiplicem
1305 2059 1487 2144 gratificata

309 2161 431 2237 populis
453 2169 510 2220 est:
532 2163 612 2236 quod
634 2162 792 2240 complura
813 2163 851 2221 ad
875 2165 1070 2222 miseriarum
1092 2163 1237 2221 solatium
1251 2161 1486 2237 sapientissime

310 2261 460 2336 instituit,
482 2262 550 2320 sine
562 2264 784 2337 controversia,
802 2282 944 2338 magnam
965 2260 1060 2320 debet
1074 2263 1208 2338 gratiam
1223 2259 1381 2340 religioni,
1391 2276 1485 2334 quam

310 2356 349 2414 ad
372 2362 478 2416 tantas
500 2377 550 2416 res
571 2358 786 2428 suscipiendas
809 2360 919 2418 habuit
934 2361 1101 2435 auspicem,
1116 2349 1155 2416 ad
1170 2355 1377 2434 perficiendas
1391 2355 1486 2414 adiu·

310 2457 429 2514 tricem.
451 2491 490 2498 -
512 2456 706 2516 Mansissent
728 2456 868 2533 profecto
889 2456 996 2515 eadem
1019 2457 1107 2526 bona,
1143 2459 1169 2514 si
1201 2457 1363 2529 utriusque
1398 2460 1482 2540 pote·

310 2557 404 2612 statis
425 2555 587 2613 concordia
609 2559 785 2615 mansisset:
808 2558 987 2632 maioraque
1008 2557 1167 2634 expectari
1189 2557 1257 2612 iure
1278 2557 1433 2630 poterant,
1456 2554 1484 2608 si

310 2655 500 2728 auctoritati,
521 2655 548 2710 si
570 2655 760 2731 magisterio,
782 2655 810 2712 si
832 2653 971 2712 consiliis
993 2655 1151 2713 Ecclesiae
1172 2655 1288 2710 maiore
1309 2655 1394 2710 esset
1414 2667 1484 2706 cum

310 2746 371 2807 fide
392 2753 687 2825 perseverantiaque
709 2752 966 2826 obtemperatum.
988 2750 1072 2809 Illud
1094 2755 1177 2810 enim
1199 2756 1367 2826 perpetuae
1404 2748 1484 2824 legis

310 2847 412 2904 instar
433 2845 609 2904 habendum
630 2856 688 2924 est,
711 2849 791 2922 quod
828 2848 884 2905 Ivo
916 2847 1121 2906 Carnutensis
1156 2846 1195 2905 ad
1230 2845 1411 2904 Paschalem
1447 2844 1483 2902 ΙΙ

311 2941 493 3002 Pontificem
516 2947 682 3002 maximum
706 2948 900 3021 perscripsit,
926 2969 940 2999 ‹
964 2965 1032 3004 cum
1054 2965 1183 3022 regnum
1212 2951 1245 3003 et
1276 2942 1484 3004 sacerdotium

312 3061 328 3094 a
350 3041 434 3097 inter
455 3059 487 3098 se
509 3044 707 3115 conveniunt,
733 3041 813 3100 bene
843 3045 964 3118 regitur
987 3043 1128 3118 mundus,
1161 3040 1251 3099 floret
1265 3048 1297 3099 et
1313 3037 1484 3100 fructificat

312 3161 328 3193 a
351 3137 499 3197 Ecclesia.
522 3138 596 3197 Cum
620 3159 693 3198 vero
716 3143 801 3198 inter
823 3160 856 3199 se
878 3141 1067 3218 discordant,
1090 3161 1150 3198 non
1166 3145 1288 3198 tantum
1304 3157 1417 3216 parvae
1432 3156 1484 3198 res

318 3262 328 3286 ‹
350 3255 411 3293 non
433 3243 585 3311 crescunt,
608 3236 662 3295 sed
679 3241 775 3296 etiam
790 3258 919 3314 magnae
935 3258 985 3296 res
1001 3238 1188 3297 mirabiliter
1202 3237 1385 3296 dilabuntur
1397 3239 1439 3316 (1)
1454 3260 1483 3294 a.

392 3333 453 3392 Sed
474 3337 648 3409 perniciosa
669 3335 726 3392 illa
761 3355 796 3392 ac
827 3336 1017 3412 deploranda
1050 3355 1152 3394 rerum
1187 3354 1337 3394 novarum
1369 3333 1486 3410 studia,

309 3450 387 3505 quae
408 3431 530 3489 saeculo
551 3431 632 3490 XVI
657 3438 795 3491 excitata
817 3439 901 3507 sunt,
923 3452 992 3492 cum
1023 3434 1155 3509 primum
1188 3433 1370 3508 religionem
1402 3431 1484 3492 chri-

310 3531 444 3587 stianam
459 3532 667 3606 miscuissent,
684 3551 754 3589 mox
769 3531 907 3590 naturali
921 3531 1052 3606 quodam
1064 3534 1178 3589 itinere
1193 3531 1232 3591 ad
1246 3529 1488 3605 philosophiam,

311 3646 328 3683 a
350 3627 546 3702 philosophia
566 3626 605 3685 ad
628 3646 734 3686 omnes
756 3629 861 3687 civilis
876 3631 1108 3688 communitatis
1123 3628 1247 3686 ordinas
1261 3633 1485 3704 pervenerunt.

311 3723 358 3782 Ex
380 3726 437 3783 hoc
458 3725 545 3782 velut
566 3725 653 3784 fonte
676 3726 846 3802 repetenda
868 3727 922 3785 illa
944 3731 1118 3786 recentiora
1139 3723 1311 3784 effrenatae
1325 3723 1488 3784 libertatis

311 3826 422 3898 capita,
445 3825 591 3880 nimirum
613 3826 646 3880 in
669 3827 813 3882 maximis
848 3825 1137 3900 perturbationibus
1172 3825 1330 3899 superiore
1362 3823 1488 3882 saeculo

310 3923 486 3996 excogitata
507 3923 540 3978 in
562 3921 723 3995 medioque
748 3925 918 3998 proposita,
940 3922 1071 3998 perinde
1093 3941 1128 3980 ac
1148 3923 1304 3998 principia
1318 3926 1351 3979 et
1372 3918 1487 3980 lunda·

310 4025 415 4076 menta
437 4022 509 4077 aovi
529 4021 615 4094 iuris,
638 4018 717 4093 quod
740 4025 772 4077 et
795 4016 858 4077 luit
879 4026 972 4078 antea
993 4023 1133 4096 ignotum
1148 4024 1180 4080 et
1194 4040 1212 4078 a
1226 4023 1294 4078 iura
1309 4038 1370 4077 non
1385 4018 1486 4078 solnm

373 4260 408 4319 (ι)
424 4257 476 4322 ap.
492 4255 700 4308 ccxxxviii
