3200 4890
1222 333 1289 402 397'

193 473 268 538 235.
289 469 443 536 Pretium
466 467 687 535 simoniacum
710 474 762 534 est
773 465 916 554 quodvis
928 471 1114 556 temporale
1131 492 1275 538 commo·

100 577 185 644 dum
201 578 293 663 quod
320 583 523 663 praestatur,
547 573 847 663 vel'promittitur,
871 583 940 643 aut
954 575 1114 664 exigitur,
1140 578 1195 644 vel
1214 601 1275 644 ceu

99 684 269 750 motivum
300 684 463 749 inducens
492 683 743 769 obligationem
780 680 883 749 dandi
907 683 1109 770 spiritualia,
1135 686 1191 750 vel
1215 707 1276 750 ceu

100 790 254 858 debiturn
279 791 321 857 cb
344 789 576 876 spiritualium
600 789 781 858 dationem.

194 899 243 963 Et
271 920 343 982 cap.
370 899 445 980 114,
469 918 559 962 caus.
585 900 670 982 1,-q.
697 900 725 982 1,
750 896 877 983 triplex
899 895 1135 982 distinguitur:
1161 919 1277 964 manus

101 1029 125 1072 a
152 1028 261 1090 manu,
288 1026 403 1070 1111111111
425 1027 446 1069 a
469 1005 588 1091 linqua,
614 1025 729 1070 1111111111
750 1005 792 1068 ab
811 1006 967 1092 'obsequia
1340 1091 1342 1098 Ι

195 1115 316 1178 Munus
339 1133 361 1176 a
383 1133 483 1177 mona
505 1119 556 1176 est
579 1109 723 1196 pecunia
758 1117 792 1175 et
822 1131 875 1176 res
906 1132 996 1198 ¹quae
1030 1111 1173 1196 pecunia
1209 1110 1275 1176 erni

100 1219 226 1302 solent,
248 1241 280 1284 v.
306 1241 357 1304 gr.
381 1218 509 1303 demus,
545 1240 636 1303 ager,
670 1215 833 1301 triticum,
858 1217 913 1282 vel
946 1239 1062 1282 eorum
1100 1239 1190 1283 usus:
1225 1241 1276 1284 re-

101 1324 360 1410 missiodebiti,
385 1325 523 1410 eiusque
546 1324 676 1410 dilatio,
700 1323 793 1390 datio
816 1323 937 1409 mutui,
962 1331 996 1389 61
1019 1324 1086 1390 alia
1109 1333 1276 1393 sexcenta.

196 1433 316 1524 Manus
336 1455 358 1498 c
381 1433 491 1519 linqua
507 1415 562 1498 ¹est
585 1431 683 1497 favor
705 1453 794 1516 voce,
820 1429 999 1516 scriptisve
1023 1432 1216 1516 praestitus:
1242 1455 1274 1498 v.

101 1561 157 1626 gr.
181 1539 329 1622 laudare,
355 1539 598 1623 commendare,
630 1539 839 1604 intercedere
862 1537 1069 1624 proaliquo,
1094 1539 1278 1606 defendere

100 1669 274 1713 excusare:
300 1645 477 1712 detrahere
501 1646 652 1730 aemulis,
678 1646 732 1711 vel
754 1645 911 1712 inimicis.

195 1755 316 1818 Manus
337 1755 377 1818 ab
400 1755 545 1839 obsequio
568 1763 619 1818 est
642 1753 785 1839 quodvis
808 1751 901 1818 aliud
925 1751 1084 1838 officium,
1102 1761 1141 1818 ut
1157 1754 1277 1820 docere

97 1859 222 1945 filium,
253 1857 422 1926 custodire
460 1859 607 1941 domum,
647 1860 785 1925 hortum
822 1867 896 1945 eto,
932 1881 1051 1926 curare
1087 1867 1275 1946 aegrotum,

98 1966 276 2052 famulari,
302 1967 389 2032 bona
412 1965 650 2032 administrare
675 1971 732 2051 (1).
1197 1975 1199 1980 ’

197 2075 271 2140 236.
297 2074 351 2139 Ad
364 2093 508 2160 ”poenas
524 2077 570 2156 (2)
583 2074 672 2158 quod
695 2073 829 2160 attinet,
853 2073 1041 2140 notandum
1064 2083 1115 2138 est
1139 2073 1186 2138 eis
1209 2096 1278 2140 non

99 2179 239 2246 subesse
254 2177 432 2244 simoniam
456 2179 647 2264 mentalem,
661 2201 769 2264 neque
787 2178 1087 2264 conventionalem,
1105 2201 1214 2264 neque
1227 2203 1276 2244 se·

101 2285 278 2353 mirealem
296 2289 450 2372 (excepta
473 2285 724 2370 confidentiali),
743 2287 800 2352 sed
817 2287 921 2352 solam
939 2287 1074 2352 realem.
1088 2286 1153 2352 Sed
1171 2287 1285 2372 neque

102 2393 213 2460 omnis
234 2394 331 2458 realis
355 2392 498 2459 simonia
520 2393 637 2478 poenis
661 2402 840 2476 coercetur3
865 2415 945 2459 nam
968 2392 1057 2459 latae
1087 2392 1276 2458 sententiae

101 2521 231 2586 poenae
253 2523 327 2564 eam
350 2499 535 2584 attingunt,
562 2521 648 2583 quae
671 2501 711 2566 fit
733 2499 770 2564 in
792 2497 948 2584 ingressu
971 2498 1145 2584 religionis
1169 2507 1203 2564 et
1238 2498 1276 2563 in

101 2605 274 2672 beneficiis
297 2605 520 2696 conferendis,
549 2606 583 2670 id
607 2614 658 2671 est
681 2605 718 2671 in
741 2625 855 2672 eorum
883 2605 1163 2691 praesentatione,
1189 2605 1272 2670 elec-

99 2712 206 2798 tione,
230 2711 454 2798 institutione,
487 2711 675 2778 collatione.

138 2841 140 2844 ·
195 2820 268 2885 237.
293 2821 413 2904 Itaque
435 2819 471 2884 in
495 2841 568 2884 reos
591 2821 745 2885 simoniae
767 2821 865 2886 realis
888 2823 922 2885 in
945 2822 1089 2906 inpressa
1104 2819 1277 2904 redipicaia,

100 2937 141 2995 et
164 2927 200 2992 in
224 2949 296 2992 reos
318 2928 472 2992 simoniae
494 2927 734 3012 confidealiclis,
760 2934 794 2991 61
817 2925 864 2990 in·
877 2927 1225 2991 reossimonicereclis
1243 2926 1278 2990 in

99 3037 267 3122 beneficiis,
292 3034 362 3098 lata
383 3039 434 3097 est
457 3017 759 3098 excommunicatio
781 3033 935 3099 Romano
971 3031 1129 3098 Pontifici
1170 3053 1276 3098 reser-

100 3151 196 3211 vata.
683 3219 685 3225 Ι

194 3251 286 3315 Reus
310 3247 471 3314 simoniae
494 3248 740 3314 confidentialis
763 3256 797 3313 et
819 3247 949 3313 amittit
976 3245 1138 3315 beneficia
1178 3255 1280 3312 antea

101 3359 244 3426 obtenta
265 3361 398 3440 (nempe
420 3363 496 3440 post
518 3355 722 3421 sententiam
745 3354 878 3421 iudicis.
902 3354 990 3421 Vide
1015 3355 1047 3421 S.
1073 3354 1188 3438 Alph,
1216 3353 1274 3418 lib.

102 3469 137 3549 3,
160 3487 193 3532 n.
219 3465 307 3548 142),
332 3461 486 3546 stlitem
509 3470 585 3548 post
607 3462 819 3548 sententiam,
844 3461 1079 3547 probabiliter)
1103 3462 1143 3526 fit
1180 3460 1277 3525 inha-

101 3569 184 3638 bilis
207 3570 249 3636 ad
271 3568 340 3634 alia
363 3567 524 3634 beneficia
561 3567 598 3632 in
639 3577 811 3652 posterum
845 3567 1037 3634 obtinenda.
1081 3566 1168 3631 Dixi¹
1203 3574 1281 3652 post

102 3675 307 3742 sententiam
331 3674 462 3757 iudicis;
487 3697 567 3740 nam
589 3681 728 3740 eatenus
750 3676 859 3740 solum
882 3683 1038 3760 receptae
1074 3683 1153 3738 sunt
1192 3673 1279 3738 Ocn-

103 3782 301 3849 stitutiones
324 3779 378 3846 Pii
401 3783 452 3848 IV
476 3788 510 3846 et
533 3780 585 3844 Pii
611 3781 652 3846 V.

109 4005 117 4018 '
177 4017 214 4080 (1)
235 4013 297 4068 cfr.
318 4015 451 4080 11161116,
471 4013 512 4082 11,
533 4032 562 4068 n.
580 4013 644 4069 440.

177 4119 218 4188 (2)
239 4119 365 4174 Praeter
384 4137 497 4190 poenas
515 4119 580 4186 veri
601 4117 734 4173 nominis
754 4117 874 4188 agimus
894 4116 994 4192 hicet
1013 4116 1049 4170 de
1083 4112 1281 4170 restitutione

103 4215 297 4280 acceptorum
317 4207 495 4279 simoniace,
514 4226 592 4280 quae
613 4208 712 4261 minus
732 4206 852 4278 proprie
873 4224 970 4277 poena
990 4214 1048 4261 est.
