3198 4898
316 363 374 422 3ae

409 492 435 562 i,
459 511 520 574 per
542 488 807 573 assumptionem
830 495 940 551 status
968 484 1137 550 militaria

409 598 437 678 Ι)
459 617 521 680 per
540 594 780 660 alienationem
802 616 916 658 rerum
953 591 1124 676 ecclesiae,
1147 590 1221 656 sive
1244 588 1404 656 beneficii
1428 589 1496 654 sine

319 702 436 767 debita
457 702 671 766 solemnitate
694 701 822 766 saetam
845 705 903 782 (1).

405 811 479 873 172.
503 809 656 872 Vacante
677 815 792 872 autem
813 807 892 872 sede
930 805 1125 890 episcopali,
1165 803 1315 870 vidimus
1340 802 1416 868 iam
1456 803 1496 867 ad

319 936 422 999 quem
443 914 640 979 devolvitur
662 913 914 980 administratio
936 913 1133 978 dioeceoeos.

411 1021 449 1086 Si
471 1022 685 1106 praelaturae
707 1021 934 1106 Regularinm
957 1025 1137 1102 vocantur,
1158 1019 1216 1084 via
1238 1017 1418 1084 ordinaria
1448 1040 1497 1081 eo·

320 1151 398 1193 rum
419 1128 670 1196 administratio
692 1131 734 1194 ad
759 1129 908 1214 priorem
930 1137 966 1193 et
987 1137 1193 1193 conventum
1220 1133 1364 1211 spectat.

425 1221 480 1299 Ad
518 1236 728 1302 vacationem
768 1236 1006 1324 parochiarum
1039 1241 1208 1301 statutum
1245 1239 1298 1297 est
1337 1255 1359 1296 a
1400 1231 1496 1295 Cone.

320 1341 412 1406 Trid.
437 1346 484 1424 (2,
507 1352 548 1406 ut
571 1343 717 1407 vicarius
739 1343 880 1408 idonens
902 1341 940 1406 in
961 1342 1004 1406 iis
1026 1342 1071 1406 ab
1086 1341 1254 1426 Episcopo
1268 1339 1498 1404 constituatur

321 1449 427 1515 donec
448 1450 490 1514 de
514 1457 644 1514 rectore
667 1448 899 1535 provideatur.

410 1555 562 1619 Vacante
594 1555 738 1638 denique
761 1554 921 1619 beneficio
960 1552 1118 1640 simplici,
1141 1551 1173 1618 ei
1211 1551 1375 1636 deputari
1417 1550 1496 1614 solet

320 1660 446 1746 aliquis
468 1685 511 1725 en
534 1659 673 1725 clericia
1215 1732 1225 1744 ι

410 1768 558 1831 Fructus
580 1766 734 1831 beneficii
758 1766 911 1832 vacantis
935 1765 995 1852 qui
1018 1789 1062 1830 ex
1084 1765 1159 1830 iure
1186 1765 1422 1830 Decretalinm
1455 1764 1494 1845 (3)

319 1872 357 1937 in
391 1873 548 1937 ecclesiae
585 1872 790 1938 beneficialis
828 1871 1015 1937 utilitatem
1055 1871 1199 1957 expendi
1223 1871 1405 1953 debebant,
1446 1868 1495 1932 vel

319 1979 512 2045 conservari
537 2002 598 2068 pro
620 2003 807 2044 successore
829 1979 867 2043 in
890 1979 1052 2044 beneficio
1086 1979 1130 2043 ad
1153 2001 1322 2043 cameram
1364 1983 1490 2064 aposto-

319 2089 422 2154 licam
445 2089 487 2153 de
509 2087 627 2174 spoliis
651 2112 693 2152 ex
716 2086 893 2152 recentiori
918 2087 992 2152 iure
1014 2086 1190 2172 pertinent
1210 2087 1273 2169 (4).

392 2305 429 2366 (Ι)
450 2300 512 2356 Cfr.
529 2298 654 2366 Bebuff„
673 2318 720 2370 op.
740 2301 792 2356 cit.
811 2302 856 2354 De
877 2299 975 2354 modis
994 2299 1157 2352 amittendi
1177 2297 1372 2366 beneficium;
1393 2301 1491 2352 Mano-

319 2395 421 2455 corda,
442 2391 461 2444 Ι.
481 2409 506 2445 c.

392 2499 432 2565 (2)
450 2497 529 2552 Sess.
549 2499 665 2562 XXIV,
683 2499 720 2551 de
740 2497 796 2551 ref.
815 2516 840 2550 c.
861 2499 903 2552 18.

391 2605 431 2673 (3)
451 2604 483 2658 0,
502 2604 527 2668 4,
548 2603 668 2658 Decret.
686 2605 725 2674 (l,
744 2605 802 2670 31).

392 2711 434 2781 (4)
452 2710 489 2762 Vi
510 2711 772 2766 constitutionum
796 2714 839 2765 Pii
859 2713 878 2766 I
881 2713 912 2774 V,
933 2712 1013 2766 sixti
1036 2713 1068 2776 V,
1091 2712 1177 2780 Grey.
1193 2712 1287 2776 XIII,
1301 2720 1362 2766 etc.
1381 2711 1487 2764 fructus

319 2801 453 2855 omniurn
471 2801 685 2856 beneficiorum
715 2801 889 2855 vacantium
920 2801 957 2853 ad
977 2800 1007 2854 S.
1026 2801 1131 2854 Sedem
1152 2817 1206 2854 seu
1226 2801 1265 2854 ad
1284 2801 1374 2857 Rom.
1394 2803 1488 2857 Came·

317 2907 382 2944 ram
402 2889 567 2959 spoliorum
588 2891 750 2960 portinent,
771 2908 848 2960 qnae
869 2908 921 2959 per
940 2889 1127 2943 constitutos
1147 2889 1326 2944 collectores
1357 2895 1488 2960 (oecono

318 2977 397 3045 mos)
414 2979 535 3046 colligit
554 2979 676 3032 eosdem
707 2978 825 3032 fructus
850 2979 887 3031 ad
908 2979 1079 3047 erogandos
1100 2978 1131 3031 in
1152 2979 1355 3034 necessitates
1378 2979 1484 3034 missio·

319 3085 390 3121 num
422 3085 475 3136 pro
508 3066 576 3120 fidei
597 3068 826 3138 propagatione.
852 3071 942 3132 (Acta
961 3067 991 3123 S.
1011 3067 1107 3133 Sedis,
1129 3067 1186 3133 ΙΙΙ,
1207 3069 1280 3134 146).
1298 3069 1357 3123 Sed
1378 3069 1433 3122 hae
1451 3069 1486 3120 le·

318 3173 374 3226 ges
395 3173 453 3208 non
473 3155 587 3226 ubique
607 3167 746 3226 receptae
767 3174 834 3210 esse
858 3157 1011 3211 videntur.
1043 3157 1093 3210 Ita
1112 3174 1159 3211 ex.
1178 3175 1224 3227 gr.
1243 3157 1275 3210 in
1295 3157 1391 3212 Italia
1409 3173 1486 3211 oeco-

318 3245 400 3299 nomi
432 3245 480 3298 vel
511 3243 727 3298 suboeconomi
748 3263 801 3314 pro
821 3245 955 3316 singulis
980 3245 1176 3319 dioecesibus
1205 3247 1434 3302 constituuntur
1450 3244 1484 3297 ab

317 3334 500 3388 auctoritate
520 3333 607 3387 civili
622 3341 653 3387 et
672 3335 848 3388 mandatum
869 3335 983 3388 habent
998 3334 1223 3405 possessionem
1244 3335 1418 3390 assumendi
1439 3335 1481 3386 bo·

317 3441 426 3478 norum
457 3421 652 3486 vacantium
679 3440 781 3476 eorum
812 3441 914 3476 curam
943 3423 1126 3492 diligentem
1158 3423 1295 3493 gerendi;
1319 3423 1481 3479 eorumdem

317 3511 461 3582 praediis,
481 3521 631 3582 quatenus
650 3512 896 3580 reparationibus
916 3511 1086 3582 indigeant,
1106 3502 1296 3582 providendi,
1312 3510 1481 3584 praesertim

316 3600 563 3669 sequestratione
595 3599 741 3653 bonorum
763 3599 937 3654 beneficiati
959 3600 1116 3670 defuncti;
1134 3601 1166 3656 iu
1184 3601 1307 3656 illorum
1327 3599 1481 3674 possessio·

319 3703 388 3741 nem
408 3687 446 3740 ad
466 3687 574 3742 civiles
588 3687 716 3742 effectus
730 3688 766 3743 de
780 3689 936 3744 beneficiis
951 3691 1090 3760 provisos
1105 3691 1318 3746 introducendi
1332 3700 1479 3762 postquam

317 3778 434 3845 ceptum
453 3780 552 3844 placet
571 3782 623 3830 aut
643 3782 815 3849 exequatur
839 3779 1042 3847 obtinuerint;
1061 3779 1214 3848 vigilandi
1233 3797 1324 3851 super
1344 3780 1421 3835 bona
1438 3778 1479 3830 ba·

317 3861 496 3916 neficiorum
515 3863 609 3918 etiam
628 3883 688 3918 non
708 3867 882 3920 vacantium
903 3873 961 3922 etc.
988 3866 1056 3922 Hoc
1076 3868 1254 3924 institutum
1280 3875 1315 3924 ut
1340 3869 1428 3940 viget,
1445 3865 1477 3919 ab

316 3951 457 4006 Ecclesia
472 3953 672 4024 approbatum
702 3973 762 4008 non
782 3953 852 4022 fuit,
872 3965 902 4010 et
922 3957 954 4010 hi
974 3957 1133 4012 oeconomi
1153 3957 1202 4012 vel
1221 3956 1431 4014 snboeconomi
1449 3952 1478 4009 li·

316 4040 450 4095 centiam
470 4039 508 4094 ab
528 4043 711 4097 auctoritate
733 4043 805 4098 eccl.
825 4044 863 4098 ad
883 4062 992 4100 munus
1012 4045 1179 4116 gerendum
1198 4046 1227 4101 ei
1240 4046 1338 4102 velint
1352 4047 1476 4118 propriae

316 4128 524 4182 conscientiae
547 4131 716 4200 providere,
748 4139 851 4202 petere
879 4139 1033 4188 tenentur.
1053 4133 1114 4192 Gir.
1137 4137 1328 4206 Nasonmp.
1348 4136 1399 4200 eit,
1416 4132 1437 4199 Ι,
1453 4146 1478 4200 p·

314 4217 378 4285 220,
398 4217 461 4272 221.
