3234 4902
580 899 912 985 PRAEFATIO

693 1065 851 1074 ---—·——-

441 1595 574 1698 Renum
611 1595 657 1677 d.
687 1593 917 1686 francisco
949 1587 1111 1673 Cerrat‘

286 1775 474 1847 Moderaton'
489 1795 600 1848 sommo
618 1777 780 1834 stadiorum
800 1780 829 1831 m
848 1777 908 1847 Pla
927 1775 1075 1834 Societate
1093 1776 1253 1834 Soleslona

274 2080 368 2144 Iaris
395 2081 544 2145 canonici
568 2079 741 2144 Elementa
767 2080 883 2164 linqua
916 2081 1034 2144 italica
1057 2103 1164 2166 anper
1200 2090 1354 2168 saerata,

184 2193 282 2272 arato
305 2187 417 2252 animo
440 2207 527 2252 nanc
550 2187 655 2252 latino
678 2208 826 2252 sermone
852 2187 973 2252 indata
999 2189 1113 2253 dedico
1140 2189 1213 2254 Pili
1238 2191 1296 2275 qai
1320 2199 1357 2255 at

186 2295 256 2358 illis
277 2315 439 2360 necarem
462 2293 588 2359 Aactor
609 2294 719 2380 fuisti.

277 2403 420 2466 Mentem
444 2422 528 2486 qaae
550 2402 586 2466 in
609 2402 655 2465 eis
678 2402 915 2466 concinnandis
939 2401 1023 2467 nelli
1036 2403 1114 2488 fait,
1136 2405 1239 2488 probe
1254 2405 1350 2487 nosti,
1412 2448 1414 2452 .

188 2510 300 2592 Pater,
325 2509 498 2574 consilinm
522 2510 645 2574 scilicet
669 2509 856 2574 decanam:
875 2509 1070 2574 clericorum
1085 2509 1247 2578 iaeenilia
1269 2511 1356 2596 inqe-

129 2619 159 2696 6
187 2617 246 2680 nia
268 2616 407 2680 scientia
429 2617 516 2680 ioris
538 2617 682 2680 imlaere
704 2623 803 2700 atqae
819 2637 964 2680 amorem
981 2617 1092 2700 sonere
1115 2637 1193 2702 erqo
1216 2625 1358 2682 matrem

139 2709 160 2795 {fl}
188 2729 337 2786 nostram
372 2723 559 2788 Ecclesiam
594 2743 679 2807 qaae
712 2729 750 2786 at
772 2723 1023 2807 perfectissima
1057 2723 1204 2792 Societas
1235 2725 1358 2810 leqilns

113 2799 162 2942 i}
188 2829 281 2910 oioit,
304 2850 344 2894 ac
367 2831 474 2914 leqam
497 2829 720 2893 observatione
743 2829 904 2894 nntritnr.

137 2952 160 3006 o
279 2934 398 3010 anad
424 2937 614 3000 metlodam
638 2935 687 2999 nil
710 2935 937 3000 innovandam
953 2935 1037 2999 dani
1054 2937 1134 3020 qaia
1149 2937 1233 3000 satis
1256 2937 1358 3000 ratio-

96 2991 162 3105 sd
188 3042 279 3106 nalis
302 3043 387 3107 milti
422 3044 554 3107 oidetar
588 3043 708 3106 divisio
743 3043 779 3106 in
814 3042 885 3106 alia
919 3041 1061 3106 editione
1084 3042 1154 3106 iam
1172 3044 1361 3126 proposita,

190 3169 257 3234 qna
280 3151 326 3213 ad
361 3151 510 3214 ordinem
534 3170 647 3214 rernm
671 3149 851 3239 respicitur
873 3149 923 3212 ita
945 3149 1070 3212 scilicet
1092 3156 1129 3212 at
1152 3151 1198 3214 ad
1221 3151 1368 3214 inoicem

141 3284 174 3322 xo
189 3263 424 3319 connectantur
446 3263 544 3340 atqae
567 3257 676 3320 altera
699 3256 741 3319 ob
763 3257 872 3318 altera
895 3256 1074 3319 derivetur.
1100 3256 1143 3320 In
1162 3256 1289 3339 primis
1300 3256 1360 3341 iqi-

126 3333 246 3444 {tar
268 3362 486 3426 ad'stndinm
508 3363 709 3447 isaqayicam
737 3381 899 3424 canonum
923 3381 1060 3444 operam
1083 3361 1231 3444 impendi
1254 3368 1291 3425 at
1315 3363 1359 3425 le-

135 3509 157 3530 *
187 3467 298 3551 qitimi
318 3469 360 3530 ab
381 3467 563 3552 illegitimis
586 3467 729 3532 discerni
748 3467 891 3549 possim,-
910 3487 1048 3531 canones
1071 3467 1158 3531 enim
1181 3475 1259 3532 sant
1274 3469 1360 3552 lenes

121 3545 367 3656 n>XEcclesiae⁷
392 3581 423 3637 et
444 3574 480 3638 in
504 3575 623 3659 qaaais
645 3574 797 3638 societate
821 3575 903 3658 leqes
925 3581 1003 3637 sant
1026 3595 1099 3638 aere
1123 3576 1205 3639 tales
1227 3576 1256 3639 si
1280 3576 1356 3660 leyt-

191 3681 269 3745 timo
292 3701 334 3745 ea
355 3683 447 3766 fante
481 3681 667 3746 dimanant.
706 3683 816 3764 Qaam
840 3701 915 3744 aero
939 3681 1104 3765 leyitimas
1137 3683 1214 3766 fons
1236 3682 1281 3746 sit
1298 3703 1359 3766 po-

192 3792 291 3850 testas
312 3787 452 3871 leqifera
474 3788 619 3851 eiusdem
634 3786 809 3867 societatis,
834 3787 884 3850 ita
907 3786 989 3849 liber
1011 3786 1143 3869 primas
1166 3787 1361 3852 inscribitur

193 3918 210 3953 e
226 3892 278 3957 Do
300 3891 374 3958 iure
398 3891 532 3977 publico
544 3919 563 3952 n
581 3894 668 3976 qreod
680 3899 727 3956 est
739 3899 776 3955 a't
790 3893 1049 3976 fondamentam
1074 3899 1144 3957 tam
1159 3893 1195 3956 in
1218 3895 1360 3957 admini-

189 4001 350 4064 stratione
372 4007 403 4063 et
424 3999 669 4085 organizatione
697 3997 870 4080 Ecclesiae,
896 4005 1059 4083 qaateoas
1085 4000 1202 4085 definit
1225 4021 1309 4084 qaae
1332 4006 1362 4064 et

190 4112 319 4189 qaanta
341 4105 386 4168 sit
410 4106 488 4170 haec
505 4111 663 4188 potestas,
690 4105 821 4188 eiasqne
843 4105 1025 4169 subiectam
1042 4106 1267 4188 determinal;
1293 4111 1361 4169 tam

600 4531 602 4536 *
656 4546 888 4705 soson
