3200 4890
247 305 253 320 ⁴
304 309 358 366 416

305 419 464 478 siasticam
486 422 552 477 sive
573 438 611 478 ex
633 417 723 478 Olero
744 419 906 482 saeculari.
927 421 994 478 sive
1015 439 1054 479 ex
1083 419 1172 480 Olero
1207 421 1357 498 regulari,
1395 420 1490 480 dum-

305 517 393 577 modo
415 517 586 594 Episcopus
608 517 676 595 loci‚
698 517 749 578 vel
770 521 837 577 eius
862 517 1010 578 Vicari'us
1042 521 1199 596 generalis
1232 538 1300 579 eam
1338 520 1489 580 idoneam

306 616 493 676 iudicaverit
514 619 699 674 transmissa
726 615 942 675 Examinatori
974 615 1124 694 deputato
1154 620 1363 677 instructione
1399 621 1486 676 circa

305 733 341 774 ea
363 733 455 790 super
476 713 588 790 quibus
609 713 777 772 Postulans
798 713 1027 772 examinandus
1061 717 1124 774 erit
1157 716 1213 794 (1).
1234 715 1353 776 Verum
1393 715 1490 774 Reli·

304 814 420 888 gissus,
442 811 492 869 vel
513 810 575 870 alie
595 827 726 888 persone
749 809 789 868 ed
810 830 941 870 examen
962 809 1186 888 perficiendum
1212 813 1366 889 deputata
1393 819 1488 871 tren-

304 911 447 968 smittere
470 897 614 971 teneatur
635 907 818 966 relationem
839 910 996 968 examinis.
1029 909 1156 986 abipso
1176 908 1228 968 vel
1260 909 1299 967 ab
1321 912 1395 986 ipsa
1411 911 1489 968 sub-

304 1009 453 1082 scriptam
475 1009 649 1064 iuramento
661 1003 835 1082 firmatam,
857 1025 917 1086 qao
929 1009 1110 1084 prolimetrer
1136 1009 1341 1083 mssfldeliter
1364 1027 1488 1068 munus

304 1124 392 1165 seeum
415 1108 628 1184 adimplevisse
649 1123 836 1185 qaaecumque
857 1107 1010 1181 affectione
1027 1112 1208 1183 postposita.
1230 1104 1353 1189 Quibus
1389 1126 1489 1182 pera-

305 1205 365 1261 ctis
386 1202 594 1262 Provincialis
616 1203 732 1261 dietam
754 1201 935 1260 relationem
957 1201 1060 1260 tribus
1080 1201 1357 1262 Examinatoribus
1390 1204 1489 1262 exhi-

304 1301 377 1360 bere
398 1301 518 1360 debeat:
540 1307 576 1359 ut
597 1301 792 1377 scrutinium,
814 1299 852 1358 de
873 1319 931 1374 quo
954 1302 985 1358 in
1015 1299 1120 1358 eodem
1156 1306 1214 1360 art.
1246 1299 1301 1362 ΠΙ
1338 1300 1489 1378 Deerat-i,

304 1401 337 1456 in
359 1399 488 1474 reliquis
509 1399 699 1476 perficiatur,
721 1404 753 1457 et
773 1405 877 1457 cetere
899 1401 1011 1465 omnia,
1033 1417 1111 1473 quae
1132 1401 1165 1458 in
1200 1399 1345 1458 Decretis
1382 1419 1487 1478 proe-

303 1497 493 1574 seribuntur,
515 1499 639 1556 omniuo
660 1505 834 1555 serventur.

385 1593 411 1653 7.
434 1593 583 1652 Nonnulli
606 1593 844 1652 Examinatores
864 1594 959 1650 nimis
994 1595 1080 1650 anxii
1115 1598 1190 1652 sunt
1223 1596 1256 1652 in
1284 1595 1487 1670 praestando

303 1693 486 1768 iuramento,
508 1711 566 1766 quo
587 1691 745 1752 declarare
767 1689 883 1748 debent
903 1678 933 1748 se
953 1694 1057 1751 omnia
1077 1694 1221 1766 requisita
1242 1711 1261 1750 a
1282 1691 1388 1755 sacra
1419 1693 1485 1761 Oa-

302 1793 440 1863 cecitas,
466 1789 745 1862 Constitutiocibus,
767 1796 794 1846 et
820 1791 954 1847 Decretis
975 1791 1156 1867 Apostolieis
1172 1792 1365 1866 praescripta
1380 1793 1487 1852 debito

302 1891 390 1946 mode
411 1891 600 1948 eaeomiccsse
621 1905 690 1946 cum
711 1905 770 1944 non
794 1905 899 1944 omnes
923 1892 989 1944 tuto
1011 1878 1091 1944 scire
1106 1889 1226 1962 possint
1239 1905 1395 1961 quaenam
1414 1891 1486 1973 sint

302 1988 404 2043 omnia
426 1985 600 2044 huiusmodi
623 1987 783 2061 requisita
805 1983 1043 2060 expostularunt
1065 1990 1228 2060 propterea
1249 1989 1285 2044 ut
1308 2005 1325 2046 a
1349 1985 1381 2044 S.
1399 1985 1484 2044 Oon-

301 2085 482 2160 gregatione
503 2103 594 2159 super
617 2085 798 2158 praemissis
819 2082 992 2140 Instructio
1027 2082 1129 2160 detur3
1164 2101 1223 2156 qua
1244 2087 1312 2144 tuto
1348 2085 1485 2160 procedi

301 2183 410 2257 possit.

380 2282 471 2354 Hesp.
494 2279 709 2338 Iuramentum
737 2277 836 2354 quoad
865 2281 1027 2355 requisita,
1049 2283 1081 2336 et
1112 2277 1252 2336 Examen
1284 2277 1485 2352 qualitatum

302 2379 415 2436 reterri
438 2375 601 2435 dumtaxat
622 2378 660 2436 ad
682 2380 833 2452 requisita
854 2383 886 2434 et
908 2376 1076 2452 qualitates
1098 2395 1235 2450 capresse
1255 2383 1288 2434 et
1314 2379 1483 2451 speciatim

301 2477 519 2550 praescriptas
533 2464 566 2531 in
587 2473 818 2534 Constitutione
842 2473 925 2532 Sixti
947 2473 976 2532 V
998 2475 1162 2548 incipiens.
1194 2471 1270 2532 Oum
1307 2476 1345 2532 de
1378 2485 1480 2536 omni-

302 2579 445 2634 boscum
467 2573 676 2632 moderatione
711 2573 855 2648 Gregorii
876 2571 967 2648 XIV,
1003 2577 1035 2629 et
1067 2575 1100 2628 in
1135 2570 1266 2630 Decreto
1302 2569 1485 2632 Clementis

301 2671 386 2731 VIII
409 2674 456 2730 oui
480 2673 605 2728 initium
631 2670 708 2730 Oura
730 2673 771 2728 ad
803 2673 973 2744 repeterem
1008 2671 1213 2742 disciplinam,
1248 2685 1305 2726 nee
1340 2687 1406 2726 uon
1449 2674 1483 2730 in

301 2771 433 2847 Regalis
455 2775 487 2827 et
509 2768 792 2828 Constitutionibus
815 2769 983 2843 respectivi
1005 2766 1143 2843 Ordinis,
1166 2785 1220 2824 seu
1240 2765 1402 2826 Instituti.
1440 2770 1483 2829 Et

301 2873 475 2928 iuramento
497 2865 646 2925 satisfieri
667 2869 694 2924 si
716 2885 752 2924 ea
774 2865 899 2924 moralis
920 2864 1085 2940 diligentia
1110 2864 1305 2940 adhibeatur,
1341 2883 1426 2938 quae
1465 2890 1483 2926 a

301 2946 382 3024 viris
401 2966 506 3040 probis
528 2972 559 3023 et
581 2967 745 3022 timoratae
767 2963 974 3022 eonscientiae
997 2961 1140 3019 adhiberi
1161 2961 1249 3022 solet.

381 3063 409 3122 8.
431 3063 480 3120 An
503 3062 670 3120 Decretum
705 3063 854 3140 Repulari
888 3063 1080 3137 Discipliaae
1113 3061 1177 3116 vim
1201 3058 1315 3120 habeat
1352 3063 1387 3118 in
1424 3061 1482 3120 Sa·

302 3162 429 3221 baudia?

380 3262 471 3332 Resp.
493 3255 699 3318 Affirmative.

379 3359 494 3416 Datum
517 3358 633 3416 Romae
655 3377 692 3415 ex
717 3357 810 3415 Sacra
832 3355 1078 3431 Oongregatione
1100 3371 1193 3430 super
1214 3355 1306 3414 Statu
1334 3353 1478 3431 Regula-

301 3461 381 3516 rium
403 3457 454 3516 die
477 3457 492 3514 1
516 3455 593 3522 Maii
620 3455 706 3514 1851.

380 3556 407 3614 9.
430 3554 600 3628 Quaeritur
621 3573 660 3610 an
682 3555 725 3610 sit
746 3552 841 3630 nulla,
863 3551 914 3610 vel
936 3557 1057 3610 tantum
1079 3549 1191 3612 illicita
1212 3548 1374 3609 Professio
1389 3550 1476 3640 fapta

300 3671 360 3708 non
383 3656 508 3709 servata
527 3653 617 3729 prius
637 3648 737 3707 forma
758 3647 885 3706 Decreti
907 3649 1057 3727 Reperiam
1075 3642 1283 3724 Disciplinoe?
1325 3643 1327 3648 ’

380 3753 469 3827 Hesp.
492 3749 569 3806 Esse
591 3753 713 3804 tantum
748 3746 900 3821 illicitam,
937 3763 999 3802 non
1019 3762 1092 3802 vero
1126 3743 1244 3806 nullam
1280 3743 1475 3820 (Declaratio

299 3848 438 3906 eiusdem
460 3847 491 3906 S,
514 3847 547 3906 O.
568 3847 621 3905 die
643 3847 679 3904 16
701 3846 841 3904 Ianuarii
863 3845 967 3922 1852).
1484 3840 1491 3855 '

697 3981 860 4040 Aunesis
879 3969 1040 4038 Bmziusi
1060 3980 1184 4038 Protea.
1204 3978 1309 4059 Aperi.

939 4073 941 4078 ’
1045 4077 1071 4134 A
1091 4075 1228 4136 Secreta.

361 4214 397 4274 (l)
414 4210 447 4262 V.
466 4205 627 4258 huiusmodi
652 4207 870 4258 instructionem
896 4205 1013 4256 inferius
1037 4205 1162 4268 positam,
1182 4201 1218 4253 ed
1242 4201 1472 4254 commoditatem

297 4291 539 4342 Examinatorum.
881 4296 882 4300 ’

304 4257 315 4266 ν
