3198 4898
284 311 339 368 362

377 436 552 504 Confessio
575 459 646 526 esse
669 443 782 524 potest
804 439 977 504 iudicialis
999 436 1026 503 si
1051 438 1112 502 fiat
1133 435 1170 502 in
1193 435 1321 502 iudicio
1349 459 1464 503 coram

285 541 398 610 iudice
422 543 636 630 competanti;
660 543 1302 630 111111111111111111111111,
1327 543 1461 610 etiamsi
1567 615 1568 618 Ἴ

287 673 400 716 coram
422 649 595 716 iudicent
618 649 754 738 private
779 673 930 740 persone

375 757 551 825 Confessio
574 765 613 824 ut
636 755 791 844 legitima
815 757 869 844 sit,
893 757 967 824 fieri
996 758 1097 824 debet
1118 781 1162 862 erp
1190 767 1282 834 certo
1321 761 1463 826 scientio

279 868 448 952 plenaque
471 867 519 930 rei
544 867 733 951 copoitione
759 874 874 950 sponte
893 873 999 984 totque
1022 869 1120 932 libere
1143 869 1174 950 (1
1178 871 1200 949 )-

374 969 499 1038 Positis
523 970 576 1036 his
600 970 899 1038 conditionibus
874 995 901 1038 s1
926 971 1091 1039 confessio
1114 979 1174 1039 est
1187 973 1362 1038 iudicialis
1389 972 1460 1038 vim

285 1073 406 1158 plenae
430 1072 638 1158 probationis
661 1073 763 1138 habet
786 1072 897 1140 itaut
923 1075 1030 1140 altera
1053 1096 1131 1160 pars
1155 1079 1328 1140 eximatur
1351 1097 1460 1161 pror-

286 1201 342 1246 sns
366 1180 408 1244 ab
431 1203 531 1246 onere
555 1179 720 1266 probandi
745 1201 839 1246 suam
864 1180 1098 1248 intentionem.
1121 1181 1155 1246 si
1184 1183 1461 1247 estruiudicialis
1567 1169 1568 1180 ¹

285 1293 319 1352 et
342 1286 464 1351 emissa
486 1286 531 1350 sit
554 1293 732 1372 praesente
767 1287 962 1382 adversario
996 1309 1073 1354 cum
1115 1287 1303 1353 adiectione
1338 1310 1463 1354 causae

283 1417 325 1460 ex
348 1417 399 1479 gr.
424 1393 578 1478 debendi,
603 1395 638 1460 in
662 1395 822 1461 civilibus
845 1397 992 1462 habetur
1031 1397 1104 1462 loco
1138 1395 1350 1482 probationis
1390 1397 1462 1482 ple·
1567 1387 1568 1414 ³

285 1524 348 1566 nae
371 1504 428 1584 (2),
452 1500 480 1566 si
504 1523 585 1568 vero
608 1503 700 1568 facta
724 1502 769 1568 sit
791 1503 848 1569 illo
871 1527 939 1570 non
954 1511 1131 1590 praesente
1146 1503 1306 1590 producit
1321 1510 1460 1568 tantum

287 1605 595 1693 praesumptionem
618 1615 653 1674 et
676 1609 896 1694 semiplenam
920 1611 1152 1696 probationem
1174 1612 1231 1693 (3).

374 1715 447 1779 196.
478 1712 620 1783 Testes
644 1724 724 1781 sunt
750 1739 907 1802 personae
928 1739 1009 1804 quae
1031 1721 1070 1784 de
1092 1739 1128 1782 re
1149 1739 1203 1783 seu
1227 1719 1266 1782 dc
1285 1717 1462 1804 fuctocli·

284 1843 346 1908 quo
369 1823 463 1887 dubio
497 1831 528 1887 et
548 1831 748 1888 controverso
781 1825 825 1888 ud
848 1825 915 1890 etas
936 1827 1031 1910 fidem
1061 1823 1247 1911 fucimdom
1270 1827 1306 1890 iu
1340 1826 1464 1890 indicio

284 1937 413 1994 vocotus
435 1929 635 1994 adhibeatur.

371 2035 485 2100 Testes
509 2043 548 2100 ut
571 2035 724 2100 adhiberi
749 2036 879 2121 possint
901 2039 1025 2104 debent
1048 2061 1118 2104 esse
1140 2039 1260 2120 idonei,
1285 2037 1457 2103 sciliceta

283 2141 357 2207 iure
380 2165 447 2208 non
470 2141 608 2208 exclusi.
633 2141 863 2210 Prohibentur
887 2145 1048 2211 absolute:

373 2255 408 2331 a)
432 2251 506 2314 iare
528 2251 691 2330 naturali,
715 2249 876 2335 infantes,
901 2251 1030 2336 furiosi,
1055 2259 1214 2336 amentes,
1240 2249 1342 2336 fatui,
1371 2249 1457 2316 ebrii

285 2345 346 2402 etc.
1208 2347 1210 2352 '

373 2447 593 2527 1))1111111.
617 2445 752 2531 pupilli,
776 2446 977 2534 impuberes,
1001 2447 1163 2532 infideles,
1187 2445 1362 2530 haeretici,
1380 2467 1460 2530 apo-

164 2635 167 2646 ·
282 2555 400 2634 statae,
425 2551 707 2618 excommunicati
731 2552 875 2636 vitandi,
898 2553 1054 2638 infames,-
1077 2553 1248 2620 criminosi
1271 2561 1325 2618 etc

373 2657 533 2723 Relative
556 2665 670 2724 sutem
694 2660 737 2724 ad
762 2683 897 2726 causam
921 2684 1007 2746 quae
1030 2661 1163 2747 agitur:

285 2763 287 2768 ’
370 2769 403 2847 u)
425 2763 618 2850 Litigantes
641 2765 706 2852 ipsi
731 2767 785 2832 vel
809 2789 928 2834 eorum
951 2767 1107 2835 advocati
1131 2775 1166 2834 et
1179 2776 1436 2853 procursionem

372 2875 401 2954 b)
423 2879 581 2957 parentes
604 2895 666 2958 per
688 2873 775 2939 filios
799 2881 833 2938 et
857 2874 1016 2958 vicissim3

282 3068 449 3124 adversarii
471 3069 624 3125 confessio
645 3069 750 3141 nequit
771 3055 915 3139 obtineri,
931 3059 1078 3125 instituta·
1093 3084 1165 3125 sunt
1185 3069 1287 3125 media
1307 3071 1457 3142 quaedam

282 3157 433 3212 indirecta
452 3160 576 3242 sd‘esm
601 3159 793 3215 eliciendam.
813 3159 882 3214 Huc
901 3159 1057 3231 pertinent
1071 3178 1123 3215 eae
1144 3177 1221 3232 quae
1243 3160 1387 3215 dicuntur
1403 3176 1459 3230 po·

279 3252 397 3304 sitiones
428 3265 505 3319 quas
538 3255 608 3304 sunt
643 3249 751 3304 breves
783 3250 931 3321 quaedam
963 3250 1150 3305 assertiones
1170 3249 1245 3306 faeti
1266 3249 1455 3305 elicuinsad

278 3355 401 3392 causam
421 3345 646 3393 controversam
665 3338 857 3410 pertinentis,
878 3357 969 3410 super
1000 3357 1058 3412 quo
1077 3339 1193 3412 petitur
1212 3339 1250 3394 ab
1279 3339 1459 3395 adversario

281 3427 458 3498 responderi
479 3427 657 3482 affirmando
677 3429 724 3482 vel
745 3428 894 3498 negando.
915 3428 978 3485 ofr.
997 3431 1188 3502 Schmulzpr„
1208 3427 1240 3484 in
1261 3429 1310 3485 tit.
1329 3429 1367 3484 de
1387 3447 1454 3484 con·

282 3515 364 3585 fessi
384 3519 441 3572 Ios.
461 3519 595 3586 Ferrum,
615 3515 658 3587 ΙΙ,
678 3535 706 3574 n.
728 3517 789 3586 796;
809 3519 993 3590 scriptitasti,
1014 3535 1061 3589 op.
1080 3518 1132 3573 cit.
1152 3517 1261 3574 11592.

348 3625 390 3696 (1)
409 3625 543 3682 Minores
563 3643 637 3698 ergo
656 3634 687 3682 et
706 3627 815 3698 pupilli
835 3645 895 3682 non
914 3627 1067 3683 habentur
1085 3644 1213 3700 capaces
1239 3627 1458 3684 oonfessionis

281 3710 345 3768 Ofr.
363 3715 459 3783 Santi,
480 3713 499 3770 l.
519 3732 543 3770 1.
562 3715 611 3771 tit.
630 3714 748 3779 XVIII,
769 3733 798 3770 n.
820 3715 849 3772 3.

351 3819 477 3892 (2·)011.
496 3821 529 3878 Ο.
549 3822 625 3878 Cum
644 3824 681 3878 dc
699 3825 828 3878 indebito
848 3821 880 3879 ff.
893 3822 1043 3891 dsProbr
1057 3823 1090 3878 G
1104 3823 1138 3877 10
1151 3822 1187 3877 de
1203 3821 1295 3878 Prob
1316 3823 1459 3893 etgloss.

279 3909 316 3964 In
336 3927 402 3965 osu
416 3911 498 3966 Test.
509 3927 591 3968 caus.
602 3912 620 3967 3
623 3929 668 3983 ,.q
679 3913 706 3980 93
725 3915 883 3984 Maronia,
903 3913 973 3970 Par.
984 3911 1129 3983 6speculi
1149 3912 1185 3967 de
1199 3909 1374 3968 conicirca
1386 3913 1458 3968 init.

349 4017 386 4084 (3)
405 4016 529 4089 Species
547 4017 752 4076 confessionis
771 4019 1016 4075 extraindicialis
1036 4023 1083 4074 est
1102 4017 1256 4074 confessio
1280 4036 1454 4075 sacramen·

278 4108 363 4164 talis
382 4107 469 4163 Haec
488 4107 642 4164 tamenin
663 4107 778 4162 iudicio
798 4108 900 4164 vocari
923 4108 1038 4180 nequit,
1058 4125 1114 4163 nec
1132 4102 1312 4180 poenitente
1332 4108 1455 4181 quidem

278 4197 503 4256 consentiente.
538 4196 601 4254 cfr.
620 4198 648 4254 S.
667 4197 766 4312 Rotae
798 4197 925 4268 1831·;35
958 4200 1054 4266 Santi,
1085 4197 1106 4255 l.
1124 4215 1150 4253 1.
1169 4216 1198 4253 n
1215 4199 1261 4266 su
1281 4201 1370 4270 Lupa,
1391 4199 1457 4256 1.1.

278 4287 392 4344 astu
