3266 4896
1288 333 1338 386 127

251 475 367 540 Solum
401 474 497 542 nobis
535 482 651 540 manet
673 475 776 540 etiam
801 475 961 540 historice
985 459 1164 542 excludere
1188 497 1336 542 errorem

114 579 118 586 ’
159 581 425 648 democraticum
448 582 661 648 ostendentes
692 582 817 668 populo
840 581 973 647 nullum
997 582 1050 647 ius
1074 582 1251 668 proprium
1275 605 1336 648 un-

163 710 265 774 quam
288 691 407 756 datum
418 689 524 756 fuisse
546 687 776 774 participandi
801 682 975 754 Ecclesiae
996 688 1182 774 regiminis.
1206 691 1253 756 Et
1277 689 1337 754 hoc

158 797 384 882 aggredimur
398 797 633 865 subnectentes
648 796 786 860 brevem
802 795 843 860 de
859 795 1082 861 electionibus
1094 795 1336 882 quaestionem.

451 1349 647 1435 Quaestio
672 1350 725 1421 de
751 1350 1039 1423 Electionibue.

736 1599 764 1663 1.

496 1741 544 1798 De
564 1741 724 1798 electione
744 1713 1001 1812 Episcoporum.

251 1923 324 1986 141.
348 1921 434 1986 Cum
457 1921 635 1986 methodus
658 1919 806 2004 eligendi
823 1922 870 2002 (1)
884 1917 1071 2004 Episcopus
1089 1919 1185 1986 varia
1200 1919 1238 1985 in
1253 1917 1335 1986 locis

158 2025 291 2112 fuisset,
308 2026 383 2092 heic
399 2027 487 2112 quod
504 2049 565 2111 per
586 2025 739 2111 singulas
762 2031 889 2090 aetates
913 2024 1125 2090 communius
1147 2033 1262 2090 actum
1284 2031 1336 2090 est

158 2133 209 2198 im
221 2155 340 2218 cpocas
363 2131 609 2218 distinguimus
633 2136 687 2214 (2).

250 2241 277 2305 Ι.
303 2239 428 2304 Primis
460 2239 569 2304 tribus
604 2238 746 2304 saeculis
769 2259 876 2322 usque
900 2237 943 2302 ad
967 2237 1068 2302 Ocno.
1093 2237 1280 2306 Nicaenum
1302 2259 1334 2302 e-

157 2346 261 2413 lectio
283 2346 530 2434 Episcoporum
554 2346 659 2412 fiebat
683 2346 725 2410 ab
748 2342 928 2432 Episcopis
952 2343 1148 2428 provinciae
1172 2343 1335 2428 requisito

157 2477 323 2521 consensu
347 2455 428 2520 cleri
451 2462 486 2520 et
508 2453 659 2541 expetito
682 2462 762 2520 voto
784 2451 912 2539 populi;
929 2451 986 2517 sed
1006 2441 1237 2537 non'semper‚
1255 2450 1335 2535 quia

157 2561 343 2648 aliquando
375 2573 415 2626 ut
448 2569 580 2628 constat
614 2585 656 2628 ex
689 2562 788 2627 Oonc.
825 2560 939 2642 Laod„
979 2581 1051 2624 can.
1077 2558 1150 2624 XII
1174 2565 1208 2622 et
1231 2557 1333 2642 XIII,

158 2668 320 2734 Antioch.
345 2670 373 2753 Ι,
398 2692 471 2736 can.
496 2670 591 2754 XVI,
616 2677 651 2734 et
674 2669 747 2734 Nic.
772 2669 800 2750 Ι,
826 2689 898 2732 can.
925 2668 955 2750 4,
981 2665 1128 2750 populus
1152 2664 1255 2730 etiam
1279 2688 1334 2729 ex-

159 2798 274 2862 presse
298 2776 453 2861 repulsus
476 2776 545 2840 fuit
568 2783 578 2858 (
605 2782 626 2858 ).
1146 2780 1149 2786 ’
1351 2796 1353 2798 ·

157 3007 260 3062 chiam
292 3011 394 3063 divina
429 3011 616 3064 ordinatione
649 3007 822 3061 institutam
849 3023 926 3078 quae
953 3013 1073 3059 constat
1106 3021 1142 3057 ex
1164 3002 1334 3074 Episcopis‚

158 3097 349 3170 presbyteris
368 3105 398 3152 et
410 3097 578 3164 ministris,
598 3100 634 3154 A.
653 3097 673 3150 S
693 3117 717 3152 ».

232 3185 295 3242 afr.
313 3189 474 3254 Munerat,
495 3186 679 3257 Theologiae
693 3185 951 3252 sacramentarius
977 3183 1137 3249 elementa,
1158 3183 1194 3236 de
1216 3182 1335 3237 ordine.

231 3293 272 3364 (l)
292 3295 337 3348 De
357 3293 562 3348 electionibus
582 3293 612 3346 in
634 3310 745 3363 genere
762 3293 833 3347 vide
853 3291 883 3345 in
906 3291 971 3345 iure
992 3290 1121 3361 privato.

232 3399 273 3471 (2)
293 3400 337 3454 De
357 3400 413 3454 hac
434 3399 617 3454 electionum
637 3399 802 3472 discipline
822 3399 924 3459 fusius
955 3399 1033 3469 apud
1065 3401 1199 3461 Bianclu',
1220 3415 1266 3468 op.
1286 3400 1336 3451 cit.

158 3487 216 3542 lib.
235 3489 258 3556 Ι,
278 3507 303 3544 c.
323 3486 375 3556 lV;
394 3490 536 3544 Natalem
555 3491 647 3556 Alam,
666 3487 750 3546 Hist.
770 3489 860 3555 Eccl,
881 3495 954 3542 sect.
967 3488 989 3554 Ι,
1010 3487 1088 3556 disp.
1098 3489 1124 3555 8;
1138 3489 1335 3554 Rohrbachcr,

155 3578 219 3632 vol.
238 3579 263 3644 4,
283 3578 337 3633 lib.
354 3577 398 3646 36,
418 3579 462 3647 373
495 3581 604 3644 Manet,
625 3578 704 3632 Coll.
724 3580 827 3646 Cone,
859 3584 932 3631 tom.
952 3577 992 3642 11,
1013 3577 1068 3630 col.
1088 3578 1149 3645 563,
1175 3581 1334 3644 Thamara,

157 3667 289 3738 Discipl.
308 3669 389 3736 eccl,
409 3687 436 3738 p.
459 3668 497 3734 ll,
518 3669 578 3736 1.2;
597 3666 707 3736 nesae,
719 3668 858 3722 Histoire
873 3668 926 3721 des
940 3667 1084 3734 conciles‚
1102 3674 1173 3722 tom.
1187 3666 1209 3733 Ι,
1228 3685 1254 3738 p.
1273 3668 1336 3734 382,

167 3761 278 3825 Weraz,
298 3758 340 3825 11,
358 3776 385 3828 p.
404 3759 465 3824 886,
487 3777 515 3812 n.
536 3759 589 3812 740
609 3765 639 3812 et
659 3776 741 3830 seqq.

233 3865 270 3930 (3)
290 3863 352 3918 Cir.
373 3864 464 3918 etiam
486 3867 654 3930 lastiniam,
676 3865 776 3920 novel.
796 3867 855 3933 123,
881 3867 941 3921 127.
1205 3935 1207 3938 Ι

232 3955 450 4010 Difficultatem
481 3973 586 4026 parere
616 3955 758 4012 ridentur
787 3959 879 4013 verba
905 3953 957 4014 aci
986 3951 1000 4014 c‘
1024 3951 1233 4034 λαόςᾶιροῖτο
1258 3977 1334 4030 quae

157 4045 257 4098 veluti
278 4046 376 4100 altera
394 4045 530 4100 conditio
561 4047 681 4101 adiecta
713 4048 828 4119 legitur
848 4067 865 4101 a
886 4048 1032 4102 Patribus
1053 4049 1184 4104 Ooncilii
1205 4050 1333 4103 Nicaeni

157 4135 176 4188 1
197 4134 228 4188 in
249 4134 401 4206 Synodica
425 4137 589 4206 (Theodec,
610 4136 694 4191 Hist.
715 4139 797 4192 Eccl.
817 4141 836 4193 Ι,
857 4140 880 4207 Ι,
902 4141 934 4196 G.
953 4140 983 4209 9)
1002 4145 1071 4210 post
1086 4138 1213 4210 primam
1234 4139 1335 4193 condi·

156 4225 275 4280 tionem
307 4246 322 4277 «
348 4232 382 4280 ut
414 4225 500 4296 digni
533 4243 601 4283 csse
619 4228 783 4283 videantur
802 4251 830 4288 ›.
859 4230 917 4284 Sed
937 4248 1004 4285 cum
1037 4230 1073 4285 cl.
1101 4235 1254 4302 Tarquini,
1285 4231 1334 4286 ob·

157 4335 318 4374 servamus
349 4336 451 4374 vocem
484 4337 624 4390 graecam
651 4313 795 4398 αἱρέομαι
819 4323 970 4394 duplicem
992 4338 1114 4376 sensum
1147 4327 1272 4396 dicendi
1306 4331 1336 4378 et
