3266 4896
1308 331 1359 386 llil

183 472 300 529 miscus
323 471 498 550 repudiare,
520 475 624 531 inanis
646 477 696 531 est
717 478 749 531 et
770 475 875 531 ieiuna
897 471 1060 532 calumnia.
1096 473 1257 532 Insaniam
1291 475 1357 548 quiss

183 567 254 626 dem
276 567 422 644 repudiat
443 571 630 646 opinionum:
653 571 810 647 improbat
830 569 953 629 nefaria
975 571 1161 630 seditionum
1184 571 1298 650 studia,
1319 571 1356 630 il·-

183 665 307 742 lumque
329 670 513 726 nominatim
534 667 676 727 habitum
699 671 881 746 animorum,
903 672 935 726 in
958 687 1017 744 quo
1038 671 1131 728 initia
1162 672 1356 746 perspiciun-

184 768 237 821 tur
257 765 416 824 voluntari
437 766 594 825 discessus
616 787 634 825 a
655 766 731 826 Deo:
753 765 808 825 sed
829 769 902 842 quia
923 785 1022 843 omne,
1043 766 1123 842 quod
1145 786 1252 826 verum
1274 773 1356 827 esta

184 857 249 919 Dec
269 861 436 938 proticiscii
459 883 585 923 necesse
607 869 665 941 est,
688 863 849 939 quidquid,
872 863 1058 942 indagando,
1079 867 1147 923 veri
1169 867 1357 942 attingatur,

185 963 325 1037 agnoscit
346 961 486 1024 Ecclesia
507 961 594 1020 velut
615 961 767 1037 quoddam
788 961 915 1021 divinae
937 965 1051 1021 mentis
1072 965 1251 1039 vestigium.
1266 961 1357 1022 Cum-

185 1077 245 1133 que
264 1059 345 1118 nihil
367 1061 409 1118 sit
431 1061 465 1118 in
487 1079 591 1129 rerum
612 1065 725 1118 natura
749 1061 826 1135 veri,
847 1059 928 1134 quod
949 1059 1100 1119 doctrinis
1121 1059 1277 1119 divinitus
1292 1065 1356 1118 tra-v

184 1156 260 1215 ditis
281 1155 374 1216 fidem
397 1157 557 1236 abrogent,
584 1157 682 1216 multa
698 1175 776 1232 quae
788 1158 948 1233 abrogent,
960 1159 1119 1232 omnisque
1133 1159 1233 1234 possit
1247 1159 1356 1215 inven-

185 1257 230 1313 tio
251 1257 315 1314 reri
337 1253 377 1313 ad
398 1255 498 1314 Deum
519 1257 621 1331 ipsum
643 1254 694 1314 vel
719 1255 963 1331 cognoscendum
995 1253 1045 1313 vel
1077 1253 1266 1313 laudandum
1300 1256 1356 1311 im-

184 1353 308 1430 pellere,
331 1351 446 1411 idcirco
467 1351 615 1427 quidquid
640 1351 817 1411 accedatad
831 1355 1032 1411 scientiarum
1047 1351 1126 1410 fines
1144 1350 1356 1430 proferendos,

183 1449 338 1527 gaudente
359 1451 530 1510 et·libente
552 1450 692 1510 Ecclesia
714 1471 836 1528 semper
857 1451 991 1510 accedet:
1014 1450 1181 1526 eademque
1208 1449 1356 1526 studiose,

185 1555 222 1607 nt
242 1549 328 1624 solet,
351 1551 433 1607 sicut
453 1549 532 1607 alias
553 1548 747 1626 disciplinas,
768 1552 814 1607 ita
835 1548 907 1606 illas
928 1551 1022 1608 ctiam
1045 1547 1166 1607 lobebit
1186 1567 1222 1606 ac
1249 1566 1356 1624 prove-

185 1647 249 1724 het,
270 1665 346 1721 quae
367 1649 487 1722 positae
509 1648 637 1705 suntin
659 1646 867 1723 explicatione
888 1653 1028 1706 naturae.
1050 1645 1172 1720 Quibus
1184 1649 1216 1704 in
1232 1646 1356 1722 studiis,

184 1763 248 1802 non
269 1743 453 1802 adversatur
480 1743 620 1802 Ecclesia
642 1746 666 1801 si
691 1743 763 1828 quid
788 1763 873 1802 mens
905 1747 1023 1820 reperit
1044 1747 1135 1804 novi:
1171 1763 1232 1802 non
1265 1761 1356 1819 repu-

183 1847 262 1916 gnat-
283 1843 356 1914 quin
377 1840 467 1916 plura
488 1846 680 1914 quaerantur
714 1840 754 1898 ad
790 1840 883 1899 decus
919 1840 1226 1916 commoditatcmque
1261 1842 1356 1900 ritae:

184 1941 277 1996 immo
296 1941 429 1997 inertiae
451 1937 651 2013 desidiaeque
673 1941 810 2016 inimica,
831 1959 1017 2016 magnopere
1038 1939 1108 1997 vult
1127 1943 1164 1996 ut
1198 1938 1357 1995 hominnm

185 2039 310 2112 ingenia
330 2035 570 2096 uberesferant
596 2038 821 2095 exercitatione
853 2041 886 2094 et
921 2037 1043 2095 cultura
1078 2035 1209 2096 fructus:
1246 2037 1356 2093 incita-

185 2139 291 2192 menta
311 2133 439 2210 praebet
460 2133 499 2192 ad
520 2152 609 2191 omne
630 2153 729 2210 genus
765 2135 880 2192 artium
902 2140 994 2208 atque
1023 2153 1162 2213 operum:
1195 2136 1357 2208 omniaque

186 2232 296 2291 harum
318 2251 428 2300 rerum¹
442 2229 547 2289 studia
568 2231 605 2288 ad
630 2231 827 2290 honestatem
849 2230 1041 2306 salutemque
1062 2234 1181 2290 virtute
1203 2251 1259 2289 sua
1280 2231 1357 2288 diri·

182 2347 270 2405 gens,
291 2327 442 2404 impedire
463 2330 588 2403 nititur,
609 2331 775 2403 quominus
797 2349 815 2386 a
835 2327 901 2386 Deo
922 2327 1070 2404 bonisque
1093 2328 1279 2388 coelestibus
1300 2347 1356 2386 sua

184 2427 339 2485 hominem
360 2426 572 2502 intelligentia
593 2435 686 2501 atque
709 2425 866 2484 industria
888 2423 1044 2486 deflectat.

266 2524 326 2584 Sed
349 2525 432 2602 haec,
455 2527 582 2582 tametsi
603 2524 696 2600 plena
718 2527 850 2583 rationis
871 2531 904 2582 et
925 2523 1057 2596 consilii,
1086 2525 1190 2582 minus
1224 2524 1357 2600 proban-

184 2631 238 2681 tur
258 2623 315 2681 hoc
337 2629 483 2699 tempore,
505 2641 575 2680 cum
595 2625 742 2681 civitates
764 2643 824 2680 non
848 2622 935 2680 modo
957 2627 1103 2680 recusant
1124 2641 1191 2680 sese
1214 2625 1252 2680 ad
1274 2622 1356 2680 chri

151 2769 154 2775 .
183 2723 307 2780 stianae
329 2722 502 2796 sapientiae
524 2717 643 2777 referre
665 2718 806 2795 formam,
829 2718 884 2777 scd
910 2721 1005 2777 etiam
1036 2717 1185 2777 videntur
1217 2718 1357 2794 quotidie

184 2818 307 2893 longius
328 2817 367 2874 ab
398 2816 536 2876 cavelle
573 2815 743 2874 discedere.
769 2851 806 2858 -
838 2816 1050 2875 Nihilominus
1084 2819 1156 2891 quia
1188 2819 1221 2873 in
1258 2817 1357 2874 lucem

183 2915 306 2992 prolata
327 2918 445 2974 veritas
467 2914 547 2974 solet
568 2933 623 2971 sua
646 2919 757 2990 sponte
779 2913 843 2972 late
872 2911 977 2990 fluere,
1003 2913 1220 2988 hominumque
1236 2920 1358 2972 mentes

184 3016 302 3072 sensim
322 3013 503 3090 pervadere,
525 3013 640 3071 idcirco
662 3013 727 3072 Nos
750 3015 940 3072 conscientia
962 3015 1089 3072 maximi
1105 3015 1359 3088 sanctissimique
1408 3064 1413 3073 .

185 3109 288 3187 officii,
310 3112 366 3170 hoc
387 3117 436 3170 est
456 3110 645 3187 Apostolica,
680 3131 740 3186 qua
772 3110 934 3187 fungimur
967 3110 1007 3168 ad
1038 3117 1148 3187 gentes
1183 3113 1357 3186 universas,

184 3209 340 3286 legatione
362 3211 504 3286 permoti,
526 3227 661 3282 eaquae
682 3227 757 3267 vera
778 3215 862 3283 sunt,
884 3207 991 3285 libere,
1014 3216 1049 3266 ut
1070 3207 1227 3285 debemus,
1242 3209 1358 3282 eloqui·

183 3327 261 3364 mur.
285 3325 346 3364 non
367 3305 448 3381 quod
469 3324 529 3363 non
565 3311 761 3381 perspectam
796 3306 965 3364 habeamus
987 3308 1138 3364 rationem
1174 3311 1358 3382 temporum,

184 3414 240 3462 aut
261 3403 455 3480 repudianda
476 3406 590 3461 aetatis
611 3409 738 3461 nostrae
761 3389 892 3461 honesta
913 3409 1005 3477 atque
1041 3403 1134 3462 utilia
1166 3405 1359 3461 incrementa

182 3507 337 3578 putemus,
360 3499 416 3559 sed
436 3499 515 3574 quod
538 3519 643 3559 rerum
678 3499 872 3576 publicarum
908 3502 1025 3558 tutiora
1059 3501 1098 3558 ab
1133 3497 1358 3558 offensionibus

183 3603 300 3658 itinera
321 3617 356 3656 ac
378 3597 514 3657 firmiora
536 3597 741 3656 fundamenta
763 3599 922 3657 vellemus:
944 3598 1036 3674 idque
1058 3598 1203 3656 incolumi
1232 3597 1358 3674 populo-

184 3717 253 3756 rum
272 3716 421 3773 germana
443 3696 599 3772 libertate3
621 3698 654 3754 in
676 3695 855 3755 hominibus
876 3699 960 3756 enim
981 3702 1081 3755 mater
1103 3702 1135 3754 et
1156 3701 1257 3754 costos
1278 3699 1358 3772 opti·

181 3814 232 3854 ma
253 3793 413 3852 libertatis
434 3795 553 3850 veritas
574 3798 632 3852 est:
655 3797 768 3852 certius
790 3795 928 3852 liberabit
949 3813 1002 3851 vos
1023 3793 1079 3869 (1).

263 3889 374 3964 Itaque
408 3892 440 3947 in
464 3895 528 3947 tam
564 3887 683 3947 difficili
708 3909 809 3948 rerum
839 3909 941 3966 cursu,
977 3889 1122 3948 catholici
1144 3889 1295 3965 homines,
1330 3891 1357 3948 si

182 3987 258 4064 Nos,
279 3992 316 4044 ut
336 3993 467 4062 oportet,
489 3986 657 4064 audierint,
679 3986 772 4046 facile
793 3987 947 4046 videbunt
967 4005 1044 4061 quae
1060 4005 1116 4045 sua
1130 3989 1279 4062 cuiusque
1294 3990 1361 4047 sint

245 4209 281 4271 (ι)
295 4207 372 4260 ioan.
392 4207 466 4269 vui,
482 4208 522 4258 aa.
612 4227 625 4276 ,a
