3200 4890
542 757 877 840 inamoeno
936 723 946 736 ’

122 988 192 1044 Pro
212 990 363 1044 examine
384 991 557 1068 personali
576 1005 702 1056 eorum,
723 991 782 1060 qui
801 991 843 1048 ad
862 991 1012 1046 habiturn
1027 991 1161 1046 admitti
1186 996 1299 1056 postu-

195 1078 276 1144 lant,
297 1081 369 1138 sive
388 1095 528 1136 examen
547 1082 660 1150 ipsum
679 1082 740 1136 iiat
759 1083 802 1136 ab
832 1081 1135 1136 Examinatoribus
1155 1083 1298 1151 provin-

196 1167 343 1224 cialibus
367 1171 466 1226 iuxta
485 1173 550 1224 art.
569 1168 620 1223 111
639 1169 774 1228 Primae
794 1169 911 1226 Partis
935 1171 1070 1225 Decreti
1094 1183 1111 1222 ‹
1131 1170 1298 1240 Regulari

193 1257 403 1327 Disciplinae
423 1273 453 1323 a,
475 1261 547 1314 sive
568 1259 610 1314 ab
630 1261 871 1316 Examinatore
890 1261 1048 1329 deputato
1067 1261 1296 1318 iuxtadecla-

196 1348 361 1404 rationem
380 1348 422 1403 ad
442 1348 581 1404 dubium
602 1349 623 1404 6
644 1351 792 1405 eiusdem
811 1351 956 1406 Decreti.

206 1523 232 1580 l.
254 1521 492 1581 Examinatores
514 1525 722 1598 provinciales
744 1545 799 1584 seu
820 1511 1023 1584 Eraminator
1051 1527 1230 1606 deputatus,
1250 1532 1296 1586 in·

124 1625 284 1697 terrogent
305 1620 520 1680 Postulantem
542 1621 580 1680 de
602 1626 668 1682 eius
691 1627 823 1699 nomine,
845 1625 1038 1702 parentibus,
1060 1615 1164 1702 patria
1186 1633 1218 1684 at
1239 1647 1294 1684 ae-

121 1721 199 1776 tate.
213 1717 391 1796 Diligenter
412 1719 608 1780 Postulantis
630 1723 822 1781 veluntatem
857 1723 1029 1800 explorent,
1052 1730 1084 1782 et
1109 1727 1294 1797 praesertim

52 1877 60 1885 ,
121 1834 160 1873 an
184 1823 317 1893 coactus,
339 1837 379 1875 an
401 1817 546 1876 seductus
568 1822 620 1894 sit,
642 1828 675 1878 et
696 1839 754 1894 quo
775 1823 899 1896 spiritu,
921 1839 979 1894 quo
1001 1821 1138 1894 consilio,
1160 1840 1220 1895 qua
1242 1841 1290 1878 ra-

123 1913 208 1970 tione
229 1913 268 1970 ad
290 1921 407 1973 statum
429 1915 608 1992 religiosum
636 1915 777 1993 ducatur,
799 1924 831 1974 et
852 1923 958 1975 utrum
979 1917 1113 1992 aliquam
1136 1919 1292 1993 cognitio·

121 2027 193 2070 nem
215 2011 328 2070 habeat
349 2011 548 2087 obligationis
571 2019 720 2089 votorum,
742 2031 820 2087 quae
841 2013 989 2090 deinceps
1010 2016 1154 2072 emittere
1188 2013 1292 2072 debet.

201 2111 229 2169 2.
252 2109 286 2168 Si
308 2109 505 2185 recipiendus
540 2113 587 2168 uti
609 2109 748 2169 Clericus
770 2111 953 2186 religionem
985 2112 1107 2187 ingredi
1143 2096 1294 2189 postulet,

122 2209 283 2282 inquirant
304 2207 552 2284 Examinatores,
573 2207 624 2265 vel
645 2208 848 2266 Examinator
863 2229 902 2266 an
924 2227 991 2266 eam
1006 2209 1184 2267 litterarum
1199 2213 1296 2268 scien-

122 2307 198 2364 tiam
219 2305 340 2381 calleat,
372 2319 427 2362 auo
448 2305 534 2362 illius
555 2304 762 2364 addiscendae
785 2325 871 2381 spem
894 2305 1053 2364 indubiam
1086 2306 1293 2382 praeseferat,

121 2407 156 2460 ut
177 2402 324 2478 Minores,
346 2410 378 2460 et
399 2405 465 2460 suis
487 2405 677 2480 temporibus
713 2403 847 2462 Maiores
876 2403 1009 2462 Ordines
1031 2401 1133 2462 iuxta
1155 2403 1288 2462 Decreta

122 2501 152 2560 S.
175 2499 265 2564 Cone.
288 2501 469 2559 Tridentini
490 2505 648 2579 suscipere
671 2501 783 2561 valeat.
806 2501 895 2576 Quod
917 2521 944 2559 s1
981 2513 1093 2578 agatur
1115 2501 1153 2560 de
1175 2501 1301 2577 admit3

120 2599 225 2659 tendis
247 2599 287 2658 ad
310 2599 450 2658 habitum
472 2598 706 2674 Conversorum,
728 2619 767 2657 an
790 2599 901 2658 saltem
922 2604 1088 2676 praecipua
1122 2599 1291 2658 Doctrinae

120 2699 302 2759 Ohistianae
323 2700 426 2774 capita
448 2699 602 2756 noverint.
625 2696 733 2771 Quoad
755 2717 860 2755 omnes
882 2717 964 2774 vero,
979 2705 1011 2754 et
1032 2700 1218 2772 praesertim
1241 2715 1294 2754 re-

119 2797 183 2854 late
205 2795 244 2854 ad
265 2795 467 2854 Postulantes
498 2798 702 2872 provectioris
724 2799 848 2872 aetatis,
864 2796 1110 2871 Examinatores,
1136 2795 1186 2853 vel
1210 2794 1291 2852 Exa-

37 2962 41 2968 ,
119 2896 255 2953 minator
290 2897 444 2971 sagacius*
471 2895 524 2953 sed
559 2893 731 2970 prudenter
752 2899 862 2950 curent
884 2892 1064 2951 subodorari
1098 2895 1125 2951 si
1147 2902 1231 2950 recte
1254 2892 1293 2950 de

118 2991 279 3053 Catholica
301 2993 452 3050 Doctrina
473 2995 623 3064 sentiant,
645 2997 737 3068 prout
757 2990 893 3048 conditio
908 2994 1055 3064 cuiusque
1076 3009 1227 3066 personae
1240 3009 1293 3066 po-

119 3091 228 3153 stulet.
1274 3073 1277 3082 ¹

204 3192 231 3249 3.
253 3190 430 3264 Exquirant
464 3209 482 3245 a
503 3187 687 3246 Postulante
708 3193 814 3272 utrum
849 3191 916 3246 eius
937 3187 1099 3264 Parentes,
1124 3186 1175 3244 vel
1212 3185 1294 3244 alter

95 3333 97 3338 s
121 3307 228 3346 eorum
250 3286 351 3345 adhuc
371 3289 469 3361 vivat,
491 3304 582 3360 quam
604 3290 704 3343 artem
735 3291 767 3342 et
788 3283 1013 3360 professionem
1034 3289 1208 3359 exerceant,
1241 3283 1293 3340 vel

120 3389 330 3462 exercuerint,
352 3391 384 3443 ct
405 3405 445 3442 an
467 3383 543 3441 adeo
564 3401 717 3460 pauperes
732 3387 806 3460 sint,
828 3391 863 3440 ut
885 3382 942 3440 filii
958 3382 1096 3440 subsidio
1119 3365 1308 3456 indigeant(

199 3471 228 3543 4.
250 3483 426 3558 Exquirant
447 3485 542 3540 etiam
564 3502 582 3540 a
603 3481 787 3540 Postulante
809 3483 876 3539 eius
891 3480 1099 3540 conditionem
1120 3485 1152 3536 et
1165 3484 1294 3554 statum,

118 3603 159 3641 an
183 3581 296 3640 habeat
317 3585 351 3639 in
372 3581 493 3640 saeculo
515 3579 617 3638 media
639 3577 805 3638 sufficienti
827 3579 1077 3654 sustentationis
1105 3578 1133 3634 si
1156 3578 1198 3634 sit
1220 3594 1292 3633 aere

118 3679 222 3737 alieno
243 3685 402 3756 gravatus3
430 3698 479 3754 an,
501 3683 533 3736 et
564 3695 655 3750 quam
677 3686 785 3752 artem,
807 3675 857 3732 vel
878 3673 1103 3751 professionem
1138 3677 1293 3748 exerceat,

118 3795 161 3834 an
182 3773 275 3833 alicui
297 3775 457 3851 Religioso
478 3775 633 3832 instituto
654 3791 775 3830 nomem
800 3771 932 3848 dederit,
955 3771 1004 3829 vel
1025 3770 1137 3828 saltem
1159 3771 1206 3827 uti
1230 3768 1293 3827 No·

116 3876 217 3932 vitius
239 3873 325 3932 illius
360 3874 503 3932 habitum
524 3871 672 3947 induerit,
705 3869 755 3928 vel
776 3870 986 3928 Eremitarum
1008 3867 1149 3926 habitum
1183 3883 1290 3925 susce-

116 3973 212 4049 perit3
233 3978 340 4030 utrum
361 3971 460 4030 fuerit
481 3972 661 4046 inquisitus,
676 3968 779 4042 aliqua
794 3975 876 4039 ncta,
893 3965 1033 4042 infamia,
1055 3965 1293 4041 irregularitate

116 4072 273 4146 irretitus,
289 4073 377 4146 gravi
401 4070 505 4128 morbo
527 4065 669 4126 affectus.

198 4169 226 4226 ὅ.
248 4169 388 4230 Videant
409 4189 449 4226 an
472 4166 640 4226 Postulans
661 4163 793 4222 notabili
813 4161 1013 4221 deformitate
1035 4161 1164 4238 laboret3
1186 4166 1292 4218 utrum

171 4319 303 4362 Murenam
318 4343 342 4351 -
359 4317 478 4363 numento
490 4321 553 4361 urile
567 4316 618 4360 ecci.
630 4313 697 4370 publ.
711 4315 732 4357 ei
742 4313 843 4367 privati.
1210 4311 1237 4354 ai
