3220 4898
317 309 371 362 268
398 367 400 372 ,

318 439 443 498 statem
468 433 572 500 habet
595 433 790 500 iudicialem
813 437 867 518 (1),
891 439 926 499 et
947 432 1100 498 subditos
1123 452 1200 497 suos
1227 455 1269 496 ex
1305 429 1495 495 informata

318 538 523 605 conscientie
547 537 650 606 etiam
673 563 693 606 a
716 539 982 606 confessionibus
1005 537 1182 606 audiendis
1216 537 1375 622 suspendi
1416 557 1493 620 pos-

317 655 398 713 sunt
422 651 481 730 (2);
521 634 630 732 neque
654 657 770 714 carent
807 653 974 734 potestate
1008 645 1192 712 coercitiva
1226 666 1293 730 qua
1325 643 1416 708 iusta
1451 643 1495 708 de

318 777 419 822 causa
442 755 598 840 infligere
631 762 773 841 possunt
794 775 952 820 censuras
987 753 1138 842 personis
1162 751 1227 818 sibi
1263 749 1411 817 subditis
1435 752 1493 834 (3);

318 863 399 928 item
423 861 656 948 delinquentes
681 861 801 949 punire
825 860 941 947 poenis
964 859 1191 926 vendicativis
1214 883 1256 926 ex
1287 881 1339 945 gr.
1382 857 1495 944 priva·

317 967 410 1033 tione
433 967 621 1034 officiorum
644 975 679 1034 et
701 967 793 1033 vocis
816 967 948 1033 activae
971 974 1006 1032 et
1029 966 1183 1053 passivae
1206 967 1256 1048 (4)
1279 973 1344 1030 eto.

409 1094 460 1158 96.
486 1094 534 1158 II.
560 1093 620 1161 De
645 1093 852 1161 electione.
885 1105 890 1116 ·

407 1200 461 1266 Ad
500 1201 698 1268 electionem
736 1199 956 1286 Superiorum
994 1197 1205 1284 regularium
1228 1198 1318 1283 quod
1362 1200 1495 1281 spectat

318 1305 374 1372 hic
398 1315 535 1372 tantum
558 1307 687 1393 aliquid
710 1308 910 1374 adnotamus
933 1309 973 1372 de
994 1309 1119 1393 formo.
1133 1305 1268 1371 Electio
1289 1298 1367 1370 ‘fieri
1394 1301 1495 1366 debet

318 1413 427 1478 solum
463 1435 524 1498 per
555 1412 758 1479 scrutinium
792 1412 921 1478 scilicet
954 1434 1016 1498 per
1048 1419 1177 1477 secreta
1210 1409 1388 1494 suffragia,
1426 1431 1495 1472 non

318 1525 433 1584 autem
455 1506 517 1604 per
539 1519 815 1604 compromissum
852 1526 912 1584 aut
934 1540 996 1603 per
1018 1517 1113 1602 quasi
1152 1514 1414 1602 inspirationem
1438 1516 1493 1596 (6),

319 1625 362 1690 ad
385 1627 541 1692 tramites
563 1625 648 1691 iuris
671 1625 857 1691 communis
881 1627 928 1709 (6)
965 1631 999 1690 et
1021 1624 1119 1690 iuxta
1142 1621 1401 1689 constitutiones
1426 1618 1494 1684 sin-

318 1732 478 1818 gulorum
502 1733 667 1799 Ordinum
689 1739 723 1798 et
746 1731 1067 1818 Congregationum.

318 1929 470 1996 dicialem,
492 1929 575 1982 nulla
596 1928 744 1984 declarari
777 1935 885 1998 potest,
905 1927 960 1982 sed
980 1928 1154 2000 proceditur
1173 1945 1273 1982 rerum
1295 1927 1428 1981 veritate
1449 1928 1494 1980 in·

318 2027 423 2090 specta
443 2037 502 2072 non
534 2019 695 2073 observata
728 2017 824 2072 forma
844 2017 950 2072 (louet.
978 2020 1220 2075 «sisaram».
1251 2019 1301 2072 lte
1325 2017 1355 2072 S.
1375 2017 1408 2072 G.
1428 2033 1492 2087 sup.

231 2095 233 2100 ¹
319 2114 391 2163 stat.
410 2127 472 2179 reg.
495 2109 527 2162 12
547 2107 615 2163 Iun.
635 2109 711 2174 1858,
732 2126 760 2160 n.
778 2110 804 2174 4,
823 2111 848 2162 b.

392 2199 499 2267 Quoad
517 2197 677 2264 Moniales,
698 2199 724 2252 si
746 2197 952 2268 congregatio
974 2196 1155 2251 'obtinuerit
1176 2196 1367 2268 pontificiam
1389 2213 1494 2268 appro-

321 2289 485 2355 bationem,
497 2288 663 2358 requiritur
674 2287 766 2342 etiam
777 2288 867 2343 venia
881 2287 968 2342 Sedis
978 2287 1184 2357 Apestolieae.
1196 2286 1258 2343 Ofr.
1277 2307 1293 2339 ‹
1310 2288 1456 2343 Conditus
1469 2304 1494 2346 r.

320 2395 344 2435 c.
366 2379 390 2445 I,
411 2396 442 2432 n.
460 2379 486 2446 8;
506 2395 533 2432 c.
554 2378 595 2444 ΙΙ,
616 2396 645 2431 n.
666 2379 688 2431 l.

391 2487 434 2557 (1)
453 2488 492 2540 At
514 2502 673 2556 processus
702 2484 909 2540 conficiendos
942 2493 989 2540 est
1022 2502 1140 2555 semper
1159 2487 1221 2540 ritu
1239 2488 1411 2539 summario
1431 2501 1493 2554 arg.

320 2595 345 2633 c.
365 2595 389 2631 c.
409 2577 444 2631 24
463 2574 482 2648 ξ
502 2580 607 2632 ultimo
631 2585 660 2630 et
679 2577 721 2642 26,
742 2577 786 2632 De
805 2592 902 2632 accus.
920 2580 949 2627 X
968 2574 1013 2641 (V.
1034 2575 1071 2642 l),
1093 2574 1224 2628 servatis
1246 2589 1367 2644 quoque
1390 2573 1493 2642 legiti-

320 2667 378 2721 mis
408 2665 692 2720 consuetudinibus,
726 2665 787 2720 Cfr.
815 2661 899 2730 Reiff.
932 2665 977 2719 Do
1005 2681 1113 2731 accus,
1134 2681 1162 2717 n.
1180 2664 1243 2730 317;
1264 2665 1353 2733 Lapa,
1376 2662 1432 2718 lib.
1451 2662 1491 2729 11,

319 2756 381 2812 vol.
400 2755 452 2823 IV,
471 2773 500 2811 n.
520 2757 581 2810 603.
626 2786 628 2789 ·

332 2890 334 2894 ·
390 2865 427 2930 (2)
449 2863 533 2920 Trid.
550 2880 625 2917 sess.
646 2862 728 2924 XIV,
748 2880 772 2918 c.
793 2863 813 2916 l.
833 2862 869 2916 de
890 2860 1020 2930 reform.;
1043 2862 1155 2930 Wcrnz,
1176 2861 1234 2927 ΙΙΙ,
1258 2879 1286 2915 n.
1302 2862 1365 2915 691.

392 2971 432 3042 (3)
454 2971 556 3026 Const.
575 2992 590 3024 «
610 2973 822 3028 Sanctissimae
842 2993 853 3019 a
877 2969 967 3027 (item.
991 2972 1081 3038 VIII;
1100 2973 1205 3036 Boutae,
1226 2971 1245 3026 l.
1260 2989 1286 3026 o.
1299 2989 1326 3042 p.
1340 2971 1403 3038 636;
1418 2973 1491 3036 liat,
1587 2981 1588 2984 ’

321 3063 341 3118 1.
360 3081 384 3116 c.
404 3069 424 3117 t.
443 3063 468 3129 Ι,
488 3081 515 3133 p.
535 3063 586 3118 686
606 3079 688 3133 seqq.

394 3171 410 3203 «
430 3151 661 3206 Excludendum
680 3159 780 3204 tumen
801 3159 855 3217 est,
882 3151 926 3204 ait
946 3152 1066 3211 Suara,
1096 3166 1141 3220 op.
1161 3150 1212 3206 cit.
1232 3157 1305 3204 torn.
1323 3152 1349 3212 4,
1373 3158 1411 3206 tr.
1428 3153 1454 3210 8.
1474 3151 1491 3202 l.

318 3243 349 3312 2,
369 3259 391 3296 c.
412 3242 437 3308 9,
458 3260 486 3296 n.
506 3243 529 3308 4,
552 3239 745 3294 interdictum
778 3241 874 3294 locale
904 3239 983 3312 quod
1016 3257 1074 3294 non
1096 3245 1196 3310 potest
1216 3239 1255 3295 ab
1275 3239 1325 3293 his
1347 3240 1490 3310 praelatis

321 3332 434 3402 imponi
439 3373 482 3388 .....
501 3333 546 3386 De
567 3331 783 3386 interdictione
816 3331 905 3384 locali
927 3338 974 3384 est
993 3329 1138 3400 specialis
1158 3329 1247 3400 ratio,
1268 3329 1343 3401 quie.
1365 3331 1490 3401 quodam

321 3421 410 3476 modo
431 3421 615 3476 redundaret
636 3421 665 3474 in
688 3437 832 3492 personas
852 3438 910 3473 non
932 3419 1089 3474 subiectas
1109 3419 1185 3491 ipsis
1206 3420 1356 3490 praelatis
1376 3420 1488 3490 regule¹

320 3509 415 3588 ribus3
436 3518 465 3564 ot
486 3517 646 3582 propterea
665 3519 792 3569 nonest
812 3508 902 3562 ineis
917 3509 988 3562 dato
1004 3516 1067 3562 tam
1089 3509 1189 3580 ample.
1208 3515 1361 3580 potestas,
1382 3515 1490 3580 quanta

320 3607 367 3653 est
388 3600 419 3653 in
442 3601 602 3672 Episcopis
623 3623 647 3652 a.
666 3600 743 3654 Item
758 3606 912 3670 nequeunt
932 3598 1060 3668 praelati
1073 3599 1231 3668 regulares
1251 3597 1345 3669 (sicut
1368 3617 1423 3652 nec
1448 3616 1490 3652 ce·

317 3695 384 3744 terr
405 3690 480 3762 quin
502 3691 566 3760 ipse
589 3688 757 3758 Episcopus
786 3705 859 3758 erga
878 3705 949 3741 suos
969 3687 1122 3757 subditos)
1142 3687 1411 3757 irregularitatem
1429 3703 1490 3759 pro·

319 3779 384 3849 prie
399 3778 511 3832 dictam
532 3779 694 3848 imponere.
713 3778 845 3846 (scarae,
866 3777 940 3830 ibid.
959 3795 985 3830 n.
1009 3779 1045 3848 l).

392 3885 432 3956 (4)
453 3883 516 3942 Ofr.
541 3887 654 3950 Werna,
675 3883 732 3950 ΙΙΙ,
754 3901 780 3936 n.
800 3885 862 3952 692;
881 3885 915 3938 A.
934 3885 976 3940 M.
996 3886 1128 3951 Ferrari,
1150 3902 1178 3954 p.
1196 3885 1259 3938 282.

370 4015 372 4020 ·
397 3995 438 4063 (6)
458 3993 540 4050 rrid.
560 4010 635 4048 sess.
654 3990 751 4058 XXV,
771 4009 797 4046 c.
814 3993 830 4045 6
851 3997 882 4046 et
900 4009 995 4063 seqq.;
1017 3995 1128 4058 Werrrz,
1148 3991 1190 4058 11,
1207 4009 1236 4044 n.
1254 3990 1309 4045 379
1326 3997 1390 4048 not.
1439 4055 1442 4062 γ

394 4105 434 4176 (6)
455 4105 488 4160 O.
508 4107 551 4170 42,
573 4103 609 4168 Χ,
630 4103 666 4158 de
687 4103 774 4158 elect.
795 4105 837 4160 16.
