3234 4902
537 1086 950 1164 PROLEGOMENA

251 1619 280 1682 1.
308 1619 365 1690 oe
391 1619 552 1691 notione
578 1617 685 1690 luris.

248 1739 313 1807 lus
345 1742 392 1824 (1)
430 1741 628 1806 considerari
667 1748 779 1828 potest
817 1742 1002 1825 subiectae,
1047 1745 1200 1808 obiectioe
1223 1751 1258 1808 et
1292 1751 1333 1810 ut

155 1849 305 1912 scientia.
424 1861 426 1866 ·

246 1956 430 2022 Subiectioe
453 1962 627 2043 sumptum
651 1956 789 2043 ponitur
812 1956 847 2022 in
872 1957 1029 2042 Digesto:
1060 1987 1075 2016 ι
1096 1957 1331 2024 Facultasali-

157 2059 240 2144 quid
264 2060 463 2146 disponendi
486 2091 500 2119 »
541 2061 676 2128 moralis
710 2061 834 2128 soilioot
862 2069 1010 2148 potestas
1038 2063 1241 2130 inviolabilis
1273 2085 1332 2130 sou

155 2163 398 2252 irrefragabilis
420 2167 547 2254 aliquid
571 2167 702 2253 agendi,
727 2169 779 2232 vol
818 2168 1006 2252 omittendi,
1045 2170 1098 2234 vol
1128 2170 1330 2256 praestandi,

157 2281 218 2338 aut
254 2273 426 2358 obligandi
450 2275 593 2339 altorum
617 2275 659 2338 ad
698 2273 825 2360 aliquid
853 2274 1013 2358 dandum,
1048 2273 1236 2341 faciendum
1277 2276 1332 2341 vol

156 2381 381 2448 omittendum
404 2383 461 2463 (2).

249 2487 412 2553 Obieotioe
435 2487 519 2552 nihil
533 2487 633 2552 'aliud
656 2493 707 2552 est
730 2509 833 2572 quam
855 2488 929 2573 ipsa
952 2489 1005 2552 lox
1029 2489 1083 2554 val
1105 2489 1254 2554 collectio
1285 2491 1329 2556 lo-

155 2615 239 2680 gum
263 2599 274 2676 (
300 2599 320 2676 ).

245 2699 281 2766 Si
316 2707 428 2765 antam
460 2703 506 2764 ud
543 2701 803 2787 siqnificuudom
840 2701 1014 2766 scientium
1049 2701 1247 2787 traducitur,
1275 2705 1330 2769 da-

156 2808 245 2874 finiri
282 2815 401 2894 potest:
445 2837 459 2866 α
484 2807 640 2893 Cognitio
675 2831 735 2894 por
769 2830 885 2873 causas
908 2797 1022 2894 logum
1046 2809 1168 2894 quibus
1192 2810 1330 2876 societas

156 2915 269 3002 aliqua
293 2917 469 2982 ordinatur
492 2922 532 2980 ut
554 2923 588 2978 et
610 2916 797 2981 conservari
821 2923 855 2980 ot
878 2915 979 2981 finem
1003 2938 1102 2981 suum
1125 2917 1255 3002 assequi
1272 2940 1316 2982 va

229 3128 268 3195 (ll
288 3131 332 3184 Do
354 3129 541 3200 etymologia
570 3128 663 3200 hujus
682 3129 833 3194 vocabuli,
863 3147 923 3183 non
952 3129 1136 3184 concordant
1168 3129 1233 3184 DD.
1264 3129 1330 3183 Alii

155 3215 237 3272 idem
266 3235 331 3272 asso
361 3217 468 3272 dicunt
490 3235 525 3271 ac
548 3221 663 3274 iussum
685 3217 832 3288 adeoque,
854 3217 989 3271 subhac
1016 3225 1165 3288 respectu,
1186 3217 1329 3289 primige-

155 3306 249 3362 nium.
269 3305 331 3362 Otr.
341 3308 461 3374 Saurea,
483 3305 658 3378 Dalogibus
672 3306 724 3362 lib.
741 3307 763 3373 I,
777 3325 801 3362 c.
814 3309 839 3374 2,
855 3325 905 3362 nn.
917 3308 977 3364 4-8.
995 3307 1060 3362 Alii
1074 3325 1092 3362 a
1102 3312 1236 3364 iuvando
1249 3309 1298 3363 vol
1313 3326 1331 3363 a

154 3399 231 3452 iusto
251 3397 299 3450 val
319 3414 336 3450 a
356 3400 469 3451 iustitia
489 3395 638 3450 derivant.
654 3393 717 3451 Gfr.
740 3399 917 3465 Ulpianum,
942 3395 978 3452 fr.
993 3396 1016 3464 I,
1039 3397 1076 3450 Ι).
1096 3398 1140 3452 Da
1156 3397 1280 3452 iustitia
1299 3403 1330 3452 st

156 3481 243 3550 iur03
262 3487 408 3550 Manebat,
440 3483 518 3539 Inst.
549 3501 614 3538 can.
634 3483 687 3540 lib.
702 3483 726 3549 Ι,
740 3484 790 3538 tit.
809 3484 834 3552 Ι,
854 3487 974 3552 Potttor,
994 3484 1039 3538 De
1063 3484 1128 3539 iuro
1148 3492 1178 3538 at
1200 3485 1330 3552 iustitia,

155 3570 229 3627 diss.
247 3573 284 3641 13
304 3574 488 3643 Sanquiueti,
527 3571 607 3626 Inst.
624 3571 687 3626 Iur.
707 3572 791 3627 Eccl.
809 3572 891 3628 Priv.
911 3589 982 3644 para
1002 3573 1107 3640 altera,
1129 3579 1204 3628 scot.
1223 3573 1247 3629 1.

227 3679 269 3748 (2)
282 3679 323 3733 Et
336 3697 355 3733 a
369 3681 489 3746 Saurea,
510 3679 532 3734 1.
550 3695 574 3734 o.
593 3676 612 3750 ξ
631 3677 658 3732 4:
684 3697 700 3730 a
714 3677 859 3734 Facultas
874 3679 1000 3734 moralis
1014 3696 1104 3750 quam
1117 3679 1330 3750 unusquisque

155 3765 249 3823 habat
268 3769 316 3823 vol
337 3768 418 3822 circa
438 3785 502 3821 rom
522 3785 608 3822 suam
628 3775 682 3822 aut
701 3766 763 3822 sibi
783 3767 919 3822 debitam
939 3785 965 3824 a,
1007 3824 1010 3832 ,

164 3907 173 3920 -
226 3874 267 3946 (3)
286 3874 348 3942 Ius,
370 3874 413 3928 ait
434 3877 598 3945 chliuyer,
618 3873 695 3928 lust,
717 3873 775 3928 iur.
794 3873 867 3930 acal.
886 3873 968 3944 publ.
981 3871 1000 3946 ξ
1013 3875 1053 3940 12,
1075 3890 1128 3943 pro
1149 3873 1217 3942 loga
1238 3877 1330 3944 atquo

154 3963 347 4034 obligatione
366 3963 506 4030 sumitur,
526 3962 587 4015 imo
608 3979 699 4033 saepo
719 3979 772 4032 pro
780 3962 990 4033 complexione
1010 3962 1214 4033 lagumatqus
1234 3968 1330 4034 syste-

153 4061 244 4107 mate:
263 4071 354 4123 scopa
375 4053 522 4123 designat
542 4053 728 4110 subtantiam
749 4069 766 4104 a
787 4051 888 4106 iudico
908 4053 1149 4123 pronunciatum,
1161 4057 1215 4106 aut
1229 4053 1329 4122 ipsum

154 4142 253 4197 locum
274 4159 328 4197 sau
348 4141 453 4197 forum
478 4159 536 4213 quo
557 4159 667 4196 causac
688 4141 855 4212 agitant-ur.
879 4141 942 4198 Ofr.
963 4142 1056 4196 otiam
1076 4145 1209 4210 Aichacr,
1242 4141 1329 4197 Com·

154 4231 297 4300 pendium
319 4230 374 4286 iur.
394 4232 475 4299 scol,
502 4229 597 4286 editio
626 4247 705 4284 nova
726 4234 922 4285 accomodata
948 4249 965 4286 a
985 4235 1092 4288 Theod.
1111 4233 1239 4288 abiecte.

219 4371 351 4416 Mnunnani
365 4396 390 4404 -
406 4371 524 4416 Elementa
537 4373 599 4415 iuris
612 4369 687 4415 eccm.
697 4369 764 4425 publ.
779 4373 800 4414 et
810 4371 913 4424 monti.
1261 4374 1276 4414 ll
