3198 4898
328 329 385 384 358

356 461 359 466 '
418 449 507 518 Vere
529 457 711 518 contumax
732 450 791 518 ille
812 473 893 538 ergo
916 451 1062 518 habetur
1083 447 1141 535 qui
1165 449 1275 514 tribue
1297 447 1420 514 edictis
1440 447 1486 512 vel

331 579 402 630 uno,
419 559 645 645 peremptorio
670 549 805 626 vocatus
827 567 862 626 et
884 559 978 626 nulla
1000 557 1091 624 iusta
1113 579 1214 624 causa
1235 555 1421 642 impeditus
1442 553 1486 620 iu·

329 663 399 730 dici
419 665 645 754 obtemperari
668 688 735 732 non
758 667 845 732 vult.
869 665 997 740 Contra
1019 687 1115 731 reum
1137 672 1372 730 contumacem
1396 685 1488 728 reme·

330 771 387 838 dia
410 779 618 839 statuuntur:
642 773 659 840 Ι
682 781 721 839 ut
736 774 814 860 ¹ipse
837 774 994 860 privetur
1017 774 1089 838 iure
1111 769 1318 858 producendi
1346 769 1482 835 rationes

331 901 411 972 suaa
432 880 475 945 ad
496 902 567 946 sese
589 881 764 964 tuendum,
786 880 852 946 nisi
887 903 1050 966 expensas
1079 877 1237 944 refecerit
1271 886 1305 944 et
1341 877 1486 942 idoneam

331 985 521 1052 cautionem
544 987 754 1072 praestiterit
776 1011 811 1054 se
834 1012 854 1054 a
876 985 1002 1053 iudicio
1025 1011 1093 1054 non
1126 1007 1338 1052 recessurum
1374 986 1428 1066 (1);
1458 981 1487 1048 ΙΙ

331 1101 371 1158 ut
392 1100 488 1159 actor
507 1093 667 1160 mittatur
689 1095 726 1160 in
748 1095 989 1180 possessionem
1011 1095 1060 1160 rei
1095 1093 1274 1179 litigiosae,
1307 1117 1351 1157 ex
1390 1091 1487 1176 primo

331 1199 474 1287 decreto,
498 1203 553 1267 vel
591 1203 763 1268 custodem
786 1205 843 1286 (2);
868 1227 910 1267 ex
939 1203 1093 1268 secundo
1116 1202 1203 1267 decr.
1227 1211 1268 1264 ut
1305 1199 1486 1284 legitimum

330 1311 551 1391 possessorem
576 1311 631 1392 (3).
672 1309 730 1372 III
764 1309 985 1394 sequestratio
1020 1309 1195 1374 fructuum
1217 1329 1326 1391 usque
1367 1296 1408 1372 ad
1430 1302 1487 1369 exi-

331 1420 405 1479 tum
426 1413 544 1480 iudicii
566 1415 623 1497 (4).
1064 1497 1067 1502 Ι

419 1521 457 1586 Si
481 1531 594 1588 autem
618 1531 799 1592 contumax
822 1532 909 1588 essct
932 1531 1033 1608 actor,
1058 1523 1260 1589 rescinditur
1283 1522 1425 1586 effectus
1449 1517 1485 1583 oi-

331 1626 469 1693 tationis
492 1627 620 1715 etipse
644 1630 800 1696 actorad
825 1630 927 1695 aliam
958 1629 1153 1696 citationem
1191 1651 1258 1694 non
1302 1625 1484 1693 admittitur

298 1805 301 1810 ,
330 1733 397 1800 nisi
419 1757 581 1820 expensas
603 1735 764 1802 refundat
787 1745 821 1802 et
844 1737 1034 1803 cautionem
1067 1738 1110 1802 de
1132 1760 1167 1802 se
1200 1735 1306 1800 iudici
1348 1734 1480 1800 sistendo

332 1847 487 1926 praestet.
512 1843 560 1906 Et
582 1842 721 1928 insuper
744 1851 854 1928 potest
877 1867 954 1908 reus
976 1867 1151 1930 exposcere
1174 1856 1221 1912 ut.
1251 1843 1359 1907 iudex
1397 1849 1483 1904 testes

330 1947 448 2014 audiat
468 1956 502 2013 et
523 1949 725 2015 sententiam
744 1950 955 2016 definitivam
977 1939 1080 2016 etiam
1102 1951 1163 2016 lite
1201 1973 1269 2016 nou
1308 1954 1480 2014 contestata

330 2055 531 2140 pronunciet
553 2060 609 2140 (ὅ).

331 2265 390 2303 non
411 2250 568 2317 veniendo,
588 2251 619 2306 in
638 2269 697 2306 nou
717 2254 935 2324 respondendo,
957 2255 986 2308 in
1007 2254 1216 2324 respondendo
1237 2253 1378 2321 obscure,
1399 2252 1427 2304 in
1446 2265 1482 2301 re·

330 2339 463 2394 cedendo
494 2340 609 2412 absque
639 2342 766 2396 licentia
798 2342 912 2398 infecto
937 2343 1070 2412 negotio,
1090 2343 1121 2398 in
1142 2361 1200 2398 non
1223 2343 1363 2402 iurando.
1384 2341 1412 2394 iu
1430 2353 1476 2392 non

331 2427 512 2498 exhibendo;
530 2438 634 2502 utpote
655 2449 713 2485 nou
734 2433 923 2488 restituendo
952 2437 1062 2503 pignus
1082 2440 1133 2486 aut
1154 2450 1212 2486 non
1229 2432 1351 2486 edendo
1364 2429 1481 2484 rationes

330 2513 369 2570 ad
385 2517 559 2572 mandatum
580 2519 691 2574 iudicis
710 2529 740 2576 et
760 2521 933 2576 huiusmodi
953 2544 978 2576 ι.

400 2627 437 2690 (1)
457 2625 529 2697 cap.
549 2629 705 2699 Quoniam,
725 2629 767 2684 10.
790 2631 826 2684 Ut
845 2633 894 2685 tite
913 2635 1083 2686 contestato.

402 2731 443 2802 (2)
462 2731 520 2789 Tit.
540 2736 581 2802 15,
601 2736 670 2791 Lib.
688 2735 730 2792 ΙΙ.
760 2737 805 2790 De
824 2753 860 2790 eo
880 2737 931 2808 qui
951 2737 1084 2816 mittitur
1104 2735 1135 2790 in
1155 2737 1383 2808 possessionem
1402 2749 1479 2790 causa

329 2821 374 2876 rei
396 2825 573 2880 servandae.
1451 2820 1454 2826 ¹

402 2929 440 2995 (3)
460 2928 492 2984 Ο.
513 2931 666 2998 Quoniam,
688 2931 747 2984 iam
767 2930 816 2986 cit.
849 2931 885 2985 In
915 2932 1071 2986 nonnullis
1099 2939 1201 2988 tamen
1220 2933 1326 2987 causis
1347 2927 1478 2987 immissio

328 3017 361 3072 in
379 3015 602 3088 possessionem
623 3037 683 3073 non
702 3020 887 3082 conceditur,
901 3037 947 3078 ex.
966 3039 1010 3091 gr.
1030 3021 1059 3074 in
1080 3021 1182 3076 causis
1202 3020 1480 3084 beneficialibus,m

325 3122 384 3178 per
401 3109 453 3162 too
470 3109 512 3164 ad
531 3125 565 3164 cc
582 3111 732 3180 moremus
745 3113 852 3179 patere
868 3113 965 3165 ualeat
982 3114 1110 3168 vitiosus,

399 3199 502 3254 Inuoc.
522 3201 540 3254 I
544 3201 575 3267 V,
601 3198 634 3254 Ο.
653 3199 714 3255 Un.
732 3201 777 3256 De
795 3216 826 3256 co
844 3205 896 3272 qut
915 3203 1044 3256 mittitur
1062 3207 1118 3257 etc.

399 3305 440 3376 (4)
460 3303 493 3372 ῦς
510 3307 554 3372 25,
573 3307 617 3362 Dc
634 3311 794 3378 rescriptis,
817 3309 988 3374 hembardi,
1007 3307 1066 3375 111,
1086 3325 1154 3379 pag.
1172 3309 1233 3374 226,
1253 3309 1319 3365 227.

343 3415 362 3486 .'
399 3413 441 3484 (ὅ)
459 3412 492 3468 G.
510 3414 536 3479 3,
555 3415 600 3470 De
616 3417 685 3471 doto
703 3418 729 3469 ct
748 3417 942 3470 contumacia.
964 3413 1025 3471 Gfr.
1043 3415 1139 3482 Sonti,
1153 3415 1174 3470 1.
1186 3433 1211 3471 c.
1224 3416 1306 3482 XIV,
1328 3434 1357 3478 n.
1377 3417 1480 3480 tseqot

323 3499 387 3556 Ios.
406 3502 538 3569 Ferrum,
558 3501 640 3556 Tom
659 3501 701 3570 11,
722 3519 750 3558 n.
769 3502 831 3558 787.
1060 3510 1062 3514 ’
