3266 4896
307 307 359 360 138

306 431 457 507 religione
478 431 601 507 publiea
631 429 823 490 satisfacere.
852 465 885 474 -
911 431 1033 490 Natura
1054 436 1087 490 et
1108 433 1197 507 ratio,
1219 449 1297 505 quae
1319 429 1406 488 iubat
1428 427 1479 487 vel

307 528 446 604 singulos
468 533 574 587 sancte
596 528 800 604 religioseque
828 527 927 588 Deum
948 527 1058 605 colere,
1079 527 1160 604 quod
1180 530 1214 585 in
1234 530 1302 586 eius
1324 531 1484 604 potestate

307 645 423 700 sumus,
444 631 477 685 et
497 626 578 702 quod
599 627 638 686 ab
660 645 695 686 eo
716 625 849 703 profecti
867 625 1052 685 adeundam
1068 627 1185 684 reverti
1200 625 1357 704 debemus,
1372 625 1478 684 eadem

306 723 374 800 lege
396 723 568 800 adstringit
588 723 712 782 civilem
733 726 996 789 communitatem.
1027 723 1177 782 Homines
1208 725 1292 782 enim
1326 724 1478 782 communi

306 825 454 882 societate
475 826 633 882 coniuncti
654 824 752 882 nihilo
774 829 849 883 sunt
869 827 972 883 miuus
994 827 1027 882 in
1048 824 1108 882 Dei
1121 829 1288 901 potestate,
1308 843 1400 900 quam
1416 825 1479 882 sin-

306 921 382 997 guli,
402 923 536 996 gratiam
560 920 624 980 Deo
646 925 778 982 societas
799 922 901 998 debet,
923 941 982 997 quo
1003 929 1128 980 auctore
1144 921 1269 999 coaluit,
1291 924 1379 979 cuius
1400 925 1486 979 nutu.

306 1024 518 1097 conservatur,
530 1022 618 1078 cuius
629 1017 778 1080 beneficio
789 1019 1047 1079 innumerabilem
1062 1013 1219 1098 bonorum,
1241 1020 1353 1095 quibus
1368 1017 1479 1093 affluit,

305 1119 425 1192 copiam
446 1120 574 1194 aceepit.
598 1117 796 1195 Quapropter
817 1120 899 1177 sicut
920 1121 1036 1178 nemini
1053 1119 1128 1178 licet
1142 1139 1198 1178 sua
1212 1118 1363 1177 adversus
1379 1117 1478 1176 Deum

305 1211 407 1272 officia
427 1212 596 1289 negligere,
618 1212 811 1289 officiumque
843 1221 891 1298 est
912 1217 1080 1274 maximum
1101 1213 1248 1290 amplecti
1269 1220 1301 1272 et
1323 1216 1425 1272 animo
1447 1217 1478 1270 et

306 1310 444 1368 moribus
466 1310 657 1388 religionem,
686 1330 743 1370 nec
764 1324 856 1387 quain
877 1315 1006 1387 quisque
1027 1312 1183 1388 maluerit,
1205 1311 1261 1370 sed
1281 1331 1372 1386 quam
1394 1310 1479 1368 Deus

306 1410 445 1484 iusserit,
466 1427 617 1484 quamque
649 1412 745 1468 certis
766 1412 953 1484 minimeque
975 1409 1159 1468 dubitandis
1179 1409 1306 1468 indiciis
1327 1427 1419 1483 quam
1440 1425 1479 1466 ex

307 1506 449 1564 omnibus
470 1525 575 1576 veram
597 1527 665 1566 esse
687 1511 876 1566 constiterit:
904 1509 1010 1567 codem
1032 1508 1119 1567 modo
1151 1511 1303 1567 civitates
1329 1526 1390 1566 non
1411 1525 1480 1582 pos-

307 1610 391 1681 sunt,
412 1607 492 1662 citra
512 1605 622 1682 scelus,
643 1623 751 1680 gerere
773 1625 805 1664 se
828 1611 984 1681 tamquam
1006 1609 1033 1664 si
1052 1606 1135 1664 Deus
1158 1608 1281 1664 omnino
1303 1625 1363 1664 non
1385 1608 1479 1676 esset,

306 1710 362 1762 aut
383 1721 488 1761 curam
510 1703 671 1778 religionis
694 1704 779 1762 velut
800 1703 933 1762 alienam
956 1703 1094 1779 nihilque
1116 1703 1312 1780 profuturam
1334 1703 1487 1778 abiicere„

307 1807 357 1858 aut
382 1803 534 1859 asciscere
547 1801 585 1859 de
607 1801 750 1877 pluribus
759 1802 927 1877 generibus
942 1800 1162 1860 indifferenter
1172 1801 1252 1876 quod
1265 1801 1370 1860 libeat:
1382 1802 1480 1858 omui-

307 1917 405 1972 noque
427 1897 542 1956 debent
563 1917 632 1956 eum
654 1901 687 1956 in
709 1897 835 1956 colendo
850 1901 976 1957 numine
992 1919 1104 1958 morem
1121 1917 1272 1975 usurpare
1287 1898 1479 1973 modumque,

306 2015 365 2070 quo
379 1995 437 2054 coli
449 2015 481 2054 se
505 1995 588 2054 Deus
603 1999 669 2072 ipse
683 1996 910 2054 demonstravit
924 1997 1015 2056 velle.
1029 2031 1069 2040 -
1085 1997 1232 2056 Sanctum
1244 1999 1343 2072 igitur
1357 2001 1482 2072 oportet

306 2093 388 2170 apud
409 2095 568 2169 principes
590 2113 658 2152 esse
679 2093 738 2152 Dei
760 2111 881 2172 nomem
902 2094 1137 2171 ponendumque
1160 2098 1192 2154 in
1214 2095 1391 2174 praecipuis
1413 2093 1482 2150 illo—

307 2211 375 2250 rum
396 2189 505 2249 officiis
527 2191 708 2267 religionem
730 2195 834 2267 gratia
856 2193 1027 2269 complecti,
1058 2179 1274 2252 benevolentia
1295 2193 1387 2269 tueri,
1409 2209 1480 2248 auc-

307 2290 435 2346 toritate
471 2293 625 2364 nutuque⁴
645 2287 747 2364 legum
791 2300 904 2365 tegere.
937 2309 993 2348 nec
1023 2293 1182 2366 quippiam
1222 2291 1389 2347 instituere
1424 2293 1480 2346 aut

306 2385 483 2461 decernere,
505 2385 585 2459 quod
607 2388 649 2444 sit
671 2389 738 2444 eius
767 2386 981 2444 incoluminati
1013 2389 1212 2446 contrarium.
1245 2386 1283 2444 Id
1304 2392 1337 2444 at
1358 2385 1489 2444 civibus-

306 2482 431 2560 debent,
453 2483 565 2558 quibus
585 2493 744 2560 praesunt.
778 2484 855 2542 Nati
876 2487 960 2542 enim
991 2487 1188 2560 susceptique
1211 2485 1351 2542 homines
1372 2500 1480 2541 sumus

306 2581 344 2638 ad
367 2601 520 2640 summurn
541 2581 693 2655 quoddam
715 2588 747 2640 et
768 2582 912 2640 ultimum
935 2582 1092 2654 bonorum,
1114 2601 1172 2656 quo
1193 2588 1268 2640 sunt
1288 2583 1391 2640 omnia
1409 2599 1481 2638 oon-

306 2679 378 2736 silia
399 2677 573 2756 referenda,
609 2684 699 2737 extra
721 2680 800 2738 hauc
822 2677 1029 2755 fragilitatem
1060 2680 1307 2754 brevitatemque
1339 2680 1424 2736 vitae
1445 2679 1479 2734 in

306 2777 400 2835 ecelis
421 2775 611 2835 collocatum.
634 2775 789 2850 Quoniam
811 2783 914 2835 autem
936 2777 1010 2835 hinc
1030 2777 1147 2853 pendet
1162 2777 1319 2835 hominum
1341 2775 1479 2849 undique

272 2926 274 2928 .
305 2874 431 2950 expleta
451 2893 487 2932 ac
508 2875 648 2951 perfecta
670 2873 816 2952 felicitas,
842 2875 956 2933 idcirco
978 2877 1100 2950 assequi
1123 2895 1202 2952 eum,
1224 2880 1276 2950 qui
1299 2889 1481 2932 commemo-

307 2979 394 3030 ratus
425 2978 482 3048 est,
516 2969 609 3030 finem
642 2975 724 3030 tanti
755 2974 891 3030 interest
924 2971 1125 3049 singulorum,
1147 2977 1183 3030 ut
1203 2971 1304 3048 pluris
1325 2973 1480 3028 interesse

306 3089 366 3127 uon
388 3071 497 3146 possit.
519 3069 650 3128 Civilem
673 3069 771 3146 igitur
792 3073 972 3128 societatem
994 3072 1147 3128 communi
1169 3069 1303 3128 utilitati
1325 3077 1430 3127 natam
1446 3069 1480 3124 in

249 3151 252 3159 ¹
307 3167 422 3226 tuenda
443 3169 652 3243 prosperitate
674 3167 864 3236 reipublicae
886 3186 1011 3226 necesse
1033 3173 1082 3226 est
1103 3170 1148 3225 sic
1166 3167 1326 3226 consulere
1348 3166 1489 3242 civibus,

306 3272 341 3324 ut
363 3265 530 3324 obtinendo
551 3253 811 3341 adipiscendcque
834 3286 951 3325 summo
967 3266 1013 3324 illi
1029 3273 1122 3342 atque
1141 3263 1387 3324 incommutabili
1401 3264 1481 3322 bono

305 3363 386 3438 quod
408 3370 517 3439 sponte
539 3369 701 3440 appetunt,
733 3384 793 3423 non
817 3364 904 3422 modo
926 3363 1005 3422 nibil
1038 3367 1185 3440 importet
1206 3381 1341 3436 unquam
1365 3363 1481 3419 incom-

306 3461 398 3535 modi,
420 3461 475 3519 sed
497 3480 601 3520 omnes
622 3480 828 3536 quascumque
853 3465 962 3538 possit,
985 3464 1236 3538 opportunitates
1250 3457 1373 3518 afferat.
1396 3459 1480 3534 Qua-

305 3579 373 3616 rum
394 3561 561 3634 praecipua
582 3564 639 3636 est,
661 3565 697 3616 ut
718 3559 811 3617 detur
832 3579 924 3635 oper-a
950 3558 1093 3635 religioni
1107 3565 1233 3617 sanctae
1246 3557 1478 3631 inviolataeque

305 3654 488 3731 servandae,
509 3657 597 3714 cuius
619 3653 717 3713 officia
740 3656 895 3714 homiuem
916 3655 980 3713 Deo
1002 3658 1204 3730 coniungunt.

385 3752 469 3812 Vera
490 3758 594 3810 autem
622 3752 731 3828 religio
763 3771 840 3827 quae
873 3754 924 3828 sit,
946 3773 1007 3810 non
1028 3751 1197 3810 difficulter
1220 3750 1306 3809 videt
1320 3753 1373 3826 qui
1397 3749 1481 3808 iudi-

305 3853 387 3908 cium
407 3849 545 3926 prudens
567 3853 782 3925 sincerumque
794 3850 984 3928 adhibuerit
999 3851 1193 3926 argumentis
1211 3852 1293 3908 enim
1314 3848 1486 3926 permultis

304 3953 396 4022 atque
418 3947 605 4022 illustribus,
619 3950 755 4006 veritate
779 3950 925 4006 nimirum
943 3947 1171 4024 vaticiniorum,
1183 3945 1394 4023 prodigiorum
1416 3945 1484 4004 fre-

302 4047 439 4121 quentia,
462 4044 623 4103 celerrima
645 4042 718 4102 fidei
741 4044 791 4102 vel
812 4063 869 4120 per
891 4045 1007 4103 medios
1042 4044 1147 4102 hostes
1168 4061 1203 4101 ac
1225 4045 1359 4101 maxima
1381 4045 1487 4120 impe-

302 4142 443 4200 dimenta
468 4144 705 4218 propagatione,
730 4149 904 4219 martyrum
926 4145 1124 4219 testimonio,
1160 4142 1291 4216 aliisque
1322 4142 1491 4201 similibus
