3198 4898
321 315 378 373 832

415 443 488 508 167.
514 443 775 530 Iuspatronatus
799 445 981 510 amittitur:

412 554 446 631 a)
470 572 511 616 ecc
536 553 704 618 voluntate
722 554 864 638 patroni
897 560 1065 638 quatenus
1088 553 1197 620 eidem
1231 553 1497 638 renunciaverit,

324 657 379 722 vel
403 655 597 742 permiserit
634 657 810 725 ecclesiam
832 659 904 726 fieri
943 659 1169 746 collegiatam,
1201 661 1256 726 vel
1294 658 1496 746 neglexerit,

320 785 383 828 suo
401 761 475 828 iure
488 762 538 830 uti
555 763 681 850 absque
695 763 850 852 legitima
866 764 996 831 ratione
1011 766 1131 832 saltem
1146 766 1278 832 duabus
1293 765 1451 848 vicibus(
1477 769 1495 847 ).

325 945 329 950 ‚
413 873 442 953 b)
466 893 509 936 em
532 873 624 956 sacto
642 873 793 957 patroni,
817 871 947 938 scilicet
970 871 998 938 si
1022 873 1071 938 ita
1104 872 1280 958 delinquat
1303 879 1344 952 ut
1371 873 1496 938 delicto

321 981 431 1066 poena
454 976 642 1044 amissionis
665 985 865 1064 patronatus
898 977 944 1044 sit
980 977 1150 1065 impositu
1174 979 1223 1046 ita
1247 1003 1279 1046 v.
1318 1002 1371 1066 gr.
1396 979 1426 1044 si
1459 978 1495 1044 in

323 1085 488 1152 haeresim
513 1085 696 1172 prolapsus⁴
713 1085 767 1171 sit,
791 1085 819 1152 si
843 1085 1006 1153 occiderit
1029 1087 1084 1154 vel
1100 1087 1313 1154 mutilaverit
1329 1094 1493 1152 rectorem

319 1193 481 1260 ecclesiae
505 1192 560 1258 vel
582 1192 689 1258 alium
712 1193 882 1279 clericum,
908 1195 961 1260 vel
977 1193 1013 1258 id
1029 1194 1103 1262 fieri
1119 1194 1344 1277 mandaverit
1362 1193 1391 1260 si
1409 1195 1493 1259 bona

320 1307 357 1364 et
379 1297 454 1363 iura
478 1297 649 1366 Ecclesiae
672 1298 735 1364 sibi
759 1299 978 1384 usurpaverit
1008 1302 1067 1383 (2).

411 1410 441 1488 c)
467 1427 509 1471 ecc
532 1413 658 1474 notura
680 1407 739 1488 rei,
762 1405 926 1474 nimirum
948 1405 977 1472 si
1000 1406 1216 1492 extinguitur
1238 1407 1327 1472 linea
1364 1427 1489 1470 succes·

319 1534 434 1578 sorum
458 1512 582 1598 quibus
605 1521 796 1599 competere
817 1514 858 1579 de
881 1513 955 1578 iure
978 1514 1105 1600 poterit
1138 1515 1403 1601 iuspatronatus,
1438 1511 1488 1576 vel
1566 1556 1567 1571 2

318 1618 349 1684 si
373 1617 514 1686 ecclesie
536 1618 651 1684 diruta
667 1619 721 1698 sit,
746 1621 801 1685 vel
823 1619 1024 1686 beneficium
1048 1621 1242 1708 collapsum.
1266 1622 1310 1686 In
1332 1621 1396 1686 hoo
1413 1640 1488 1684 casu

320 1723 477 1790 imminet
500 1732 643 1812 patrono
666 1725 829 1812 obligatio
851 1725 1027 1792 ecclesiam
1050 1728 1105 1792 vel
1128 1727 1327 1793 beneficium
1363 1733 1485 1792 restau-

319 1833 417 1899 randi
442 1839 452 1913 (
479 1837 499 1916 ).

411 1940 484 2004 167.
509 1939 590 2006 Iura
612 1947 647 2004 et
669 1939 781 2006 officia
803 1939 938 2025 patroni
961 1947 1041 2006 sunt
1057 1941 1111 2005 vel
1128 1941 1321 2028 honorifica,
1341 1939 1396 2004 vel
1418 1960 1484 2004 oae-

319 2067 406 2130 roea,
434 2047 488 2111 vel
511 2049 612 2112 utilia
635 2049 692 2130 (4).

409 2153 636 2240 Praecipuum
659 2153 750 2218 inter
773 2153 957 2220 honorifica
979 2162 1030 2220 est
1052 2155 1106 2220 ius
1129 2152 1369 2241 praesentandi
1392 2151 1481 2218 cleri-

317 2281 395 2326 cum
420 2259 576 2326 idoneum
601 2261 644 2326 ab
667 2258 836 2348 Episcopo
859 2262 912 2325 vel
936 2261 979 2327 ab
1002 2260 1069 2327 alio
1092 2260 1296 2347 competenti
1330 2260 1480 2325 Praeleto

316 2368 355 2434 in
378 2368 538 2434 beneficio
562 2376 713 2453 vacante,
749 2373 937 2434 necessarIO
960 2369 1219 2436 instituendum.
1256 2365 1481 2446 Praesentetio

318 2475 415 2540 iuxta
439 2474 570 2560 aliquas
593 2476 684 2560 leges
706 2475 780 2541 fieri
803 2477 911 2542 debet.
935 2477 984 2540 Et
1006 2479 1186 2562 imprimis:
1215 2485 1379 2562 patronus
1417 2497 1480 2541 esse

314 2581 417 2648 debet
440 2581 563 2648 habilis
586 2591 621 2648 et
644 2591 847 2668 competens.
886 2584 981 2662 ,Quod
1005 2583 1033 2650 si
1072 2585 1300 2670 praesentatio
1339 2583 1479 2669 pertinet

314 2689 358 2753 ad
383 2690 497 2774 plures
520 2712 581 2774 per
603 2690 740 2754 modum
764 2688 910 2776 collegii,
948 2713 1036 2756 unus
1070 2698 1122 2757 est
1166 2689 1394 2776 designandus
1427 2689 1479 2774 qui

315 2803 551 2881 praesentetur
573 2819 635 2882 per
657 2804 737 2861 vota
760 2796 912 2862 absolute
935 2796 1062 2863 maiora
1078 2801 1137 2879 (5).
1154 2799 1314 2865 secundo:
1332 2819 1476 2882 praesen·

313 2903 420 2968 tanda
442 2910 494 2966 est
516 2925 657 2988 persona
681 2901 862 2988 sufficiens,
886 2902 1015 2988 idonea,
1040 2903 1114 2969 vita
1136 2903 1288 2990 probata,
1329 2904 1474 2984 discreta,

313 3115 390 3170 tatis
410 3115 482 3176 eccl,
503 3133 570 3168 cum
603 3114 664 3168 alio
695 3114 760 3168 iure
793 3121 971 3184 patronatus
1002 3115 1164 3185 personali.
1190 3117 1357 3187 permutari
1376 3119 1475 3187 potest

315 3223 377 3260 non
396 3221 554 3258 varocum
583 3205 685 3259 revel
714 3204 780 3258 iure
812 3205 981 3275 temporali.
1007 3203 1039 3258 0.
1064 3205 1093 3272 9,
1119 3210 1148 3257 Χ
1173 3206 1210 3260 de
1239 3223 1339 3259 rerum
1359 3210 1472 3276 permut.

315 3295 374 3362 III,
395 3295 437 3349 19.
466 3291 529 3348 Ofr.
552 3295 649 3363 Sonti,
669 3293 727 3361 III,
748 3293 796 3348 tit.
815 3292 996 3362 XXXVIII,
1018 3293 1051 3348 12
1067 3301 1097 3349 et
1117 3311 1210 3365 seqq,
1228 3296 1363 3362 Atellam,
1382 3312 1408 3364 p.
1421 3291 1472 3360 323;

319 3385 433 3452 Werae,
464 3383 484 3436 l.
513 3400 537 3438 c.
566 3399 594 3435 n.
622 3383 689 3450 4213
720 3385 919 3448 Manacordu,
943 3400 967 3438 c.
996 3381 1080 3450 XVI;
1109 3385 1150 3448 M,
1170 3383 1214 3438 De
1235 3385 1327 3450 Luco,
1349 3383 1401 3451 I,n.
1420 3379 1471 3435 177.

386 3491 427 3561 (1)
447 3487 643 3557 Reiffensluel,
660 3491 708 3544 tit.
729 3489 765 3544 de
785 3489 935 3560 Iurepatr'.
955 3496 984 3544 et
1003 3492 1185 3562 Schmolzqr.
1203 3490 1234 3545 h.
1251 3490 1272 3545 l.

387 3601 426 3683 (2)
447 3596 509 3653 Ofr.
528 3599 638 3665 Devoli,
658 3597 734 3652 Inst.
753 3615 818 3652 can.
837 3597 861 3664 1,
882 3597 942 3652 rit.
961 3596 998 3666 V,
1018 3603 1091 3652 sect.
1110 3599 1160 3654 IV.
1179 3597 1199 3671 ξ
1218 3600 1262 3654 58.

387 3708 428 3780 (3)
448 3707 530 3761 Trio.
550 3707 630 3762 Sese.
649 3707 736 3774 XXI,
757 3725 782 3762 o.
799 3707 871 3776 VII,
891 3706 928 3762 de
948 3707 1003 3763 ref.

386 3814 425 3884 (4)
445 3814 505 3868 His
526 3813 666 3868 versibus
686 3813 887 3869 communiter
906 3814 1034 3886 exprimi
1055 3813 1163 3869 solent:

529 3903 663 3957 Patrono
684 3903 812 3958 debetur
830 3903 935 3971 honos,
959 3920 1036 3958 onus
1054 3903 1244 3976 utilitasque,

529 3992 718 4058 Praesentet,
739 3993 861 4063 praesit,
876 3992 1037 4063 dependat.
1052 3993 1151 4048 alatur
1170 4009 1297 4064 egenus.

317 4131 321 4136 ·
385 4098 427 4168 (5)
446 4099 480 4156 C.
498 4099 604 4168 ruia,
633 4105 673 4170 X,
703 4101 740 4156 de
769 4100 857 4155 elect.
885 4101 904 4158 l.
923 4102 949 4170 6;
969 4101 997 4157 S.
1017 4101 1050 4156 0.
1070 4101 1103 4156 G.
1125 4101 1158 4154 19
1177 4101 1243 4156 Ian.
1264 4101 1343 4168 17903
1363 4102 1468 4162 Pretio,

310 4206 361 4260 op.
379 4189 431 4244 cit.
451 4189 479 4244 h.
498 4195 520 4244 t.
540 4207 569 4244 n.
588 4189 742 4258 7.Quando
760 4189 881 4261 quidem
902 4199 973 4246 vota
994 4189 1056 4244 sint
1075 4190 1161 4261 paria
1180 4190 1333 4261 Episcopo
1357 4186 1469 4246 arbitrio
