3200 4890
311 283 365 340 402

311 427 475 504 privilegio
497 426 591 484 etiam
614 427 647 484 in
669 443 794 502 corpore
816 429 894 486 iuris
916 425 1020 486 clauso
1041 427 1100 504 tl),
1119 423 1170 483 vel
1184 423 1245 484 alio
1258 426 1371 502 quovis
1396 423 1486 480 titulo

310 527 345 583 in
366 523 510 583 Decretis
530 521 729 600 generalibus
752 542 811 582 non
843 523 1157 600 comprehenduntur,
1178 525 1241 582 nisi
1255 521 1293 580 de
1314 523 1401 598 ipsis
1422 540 1487 597 spe-

311 621 410 697 ciclis,
432 620 605 694 individua,
627 627 660 678 et
680 639 828 696 expressa
862 617 1064 696 ment-io‘fiat,
1086 639 1175 678 nemo
1197 619 1234 678 ad
1258 619 1405 678 habitum
1436 618 1485 676 ad-

311 723 458 778 mittatur
492 717 607 792 absque
642 717 917 777 Testimonialibus
952 723 1018 776 tum
1054 716 1216 776 Ordinarii
1250 720 1388 794 originis
1426 723 1488 774 tum

311 819 407 876 etiam
430 815 590 875 Ordinarii
612 814 679 891 loci,
701 819 734 874 in
756 834 814 891 quo
849 799 1016 874 Postulans
1038 823 1109 892 post
1137 815 1294 892 expletum
1329 814 1485 873 decimum

311 917 455 988 quintum
475 931 590 972 annum
611 916 725 972 aetatis
747 933 820 972 suae
843 913 926 972 ultra
947 933 1062 972 annurn
1083 921 1224 990 moratus
1246 911 1356 972 fuerit.

391 1011 435 1070 ΙΙ.
458 993 617 1068 Ordinarii
639 1013 672 1068 in
693 1010 846 1087 praefatis
868 1010 1002 1069 Litteris
1024 1009 1300 1069 Testimonialibus
1321 1016 1488 1086 postquam

311 1108 481 1184 diligenter
501 1109 730 1182 exquisiverint
750 1111 845 1167 etiarn
866 1127 922 1184 per
943 1115 1080 1168 secretas
1106 1108 1346 1168 informationes
1371 1108 1413 1167 de
1435 1109 1490 1166 Po·

312 1207 462 1266 stulantis
487 1207 701 1282 qualitatibus,
723 1206 842 1266 referre
863 1206 998 1266 debeant
1019 1204 1057 1266 de
1078 1209 1146 1265 eius
1180 1207 1351 1284 natalibus,
1376 1213 1488 1282 aetate,

309 1305 456 1372 moribus,
478 1307 554 1379 vita,
590 1303 683 1383 fama,
704 1305 891 1382 conditione,
913 1305 1105 1382 educatione,
1128 1307 1270 1383 scientia3
1308 1326 1349 1364 an
1375 1309 1422 1364 sit
1444 1308 1488 1362 in-

310 1404 455 1478 quisitus,
477 1401 579 1477 aliqua
601 1420 742 1478 censura,
764 1401 1008 1478 irregularitate,
1031 1406 1086 1460 aut
1107 1402 1168 1462 alio
1183 1404 1329 1460 canonico
1353 1403 1487 1479 impedi-

311 1503 414 1556 mento
435 1501 589 1581 irretitus,
611 1518 681 1558 aere
703 1499 805 1558 alieno
825 1506 985 1578 gravatus,
1007 1500 1058 1559 vel
1079 1499 1256 1560 reddendae
1272 1501 1419 1560 ‚alicuius
1439 1501 1489 1558 ad-

310 1599 553 1656 ministrationis
586 1599 700 1654 raticni
721 1597 881 1656 obnoxius.
904 1597 946 1655 Et
967 1599 1070 1656 sciant
1093 1597 1254 1657 Ordinarii
1282 1619 1396 1659 eorum
1419 1618 1486 1658 con-

311 1697 475 1756 scientiam
510 1715 604 1772 super
624 1697 760 1753 veritate
796 1697 1006 1771 expositorum
1042 1703 1201 1756 oneratam
1236 1716 1414 1775 remanere,
1436 1715 1489 1755 nec

312 1795 390 1868 ipsis
411 1789 545 1868 unquam
567 1792 699 1852 liberum
721 1812 789 1852 esse
812 1793 987 1852 huiusmodi
1010 1793 1249 1854 Testimoniales
1270 1795 1419 1854 Litteras
1439 1795 1488 1852 de-

311 1906 436 1966 negare3
457 1893 490 1948 in
512 1891 628 1950 eisdem
653 1900 756 1949 tamen
792 1910 885 1968 super
907 1895 1090 1968 praemissis
1125 1893 1259 1968 singulis
1280 1893 1431 1952 articulis
1456 1911 1488 1950 ea

312 1991 435 2044 tanturn
450 1991 562 2046 testari
583 1989 705 2066 debere,
727 2007 805 2062 quae
827 1990 888 2065 ipsi
910 2007 948 2046 ex
963 1991 1151 2067 conscientia
1165 1987 1319 2048 affirmare
1342 2011 1437 2067 posse
1458 1993 1487 2048 in

311 2071 442 2142 Domino
464 2085 681 2146 iudicaverint.
1299 2099 1302 2106 '

393 2197 456 2258 III.
480 2198 631 2258 Omnibus
652 2211 684 2258 et
706 2199 839 2276 singulis
872 2201 1095 2284 Superioribus
1116 2201 1321 2280 regularibus,
1355 2204 1486 2278 aliisque

311 2293 491 2371 Religiosis,
513 2297 553 2354 ad
574 2315 649 2372 quos
671 2303 799 2374 spectat,
815 2302 1031 2374 cuiuscumque
1053 2299 1169 2375 gradus
1183 2301 1257 2377 sint,
1279 2307 1312 2358 et
1333 2303 1486 2378 instituti,

310 2395 385 2452 licet
406 2397 554 2470 exempti,
576 2401 608 2454 et
630 2395 824 2471 privilegiati
846 2416 881 2455 ac
902 2398 941 2456 de
963 2399 1151 2456 necessitate
1162 2399 1370 2477 exprimendi,
1394 2403 1485 2459 etiam

310 2497 344 2562 in
366 2495 485 2550 virtute
512 2499 638 2552 sanctae
660 2494 852 2554 obedientiae
875 2496 968 2554 huius
990 2497 1116 2556 Decreti
1138 2484 1341 2556 observantia
1362 2498 1485 2557 distric-

309 2595 361 2647 tae
383 2591 583 2664 praecipitur:
605 2597 638 2648 et
658 2593 711 2664 qui
733 2597 841 2650 contra
863 2592 956 2650 huius
981 2591 1105 2651 Decreti
1127 2599 1267 2652 tenorem
1287 2593 1428 2672 aliquem
1448 2593 1484 2652 ad

310 2685 452 2744 habitum
475 2685 654 2762 religiosum
676 2693 839 2766 receperit,
860 2709 991 2765 poenam
1013 2693 1201 2766 privationis
1215 2693 1354 2750 omnium
1376 2691 1483 2750 officio-

310 2771 389 2858 r'um,
410 2785 553 2857 vocisque
575 2783 704 2861 activae,
726 2792 759 2843 et
780 2791 948 2862 perpetuae
965 2786 1176 2846 inhabilitatis
1191 2787 1307 2867 adalia
1329 2791 1482 2866 inposta

308 2898 378 2936 rum
399 2878 567 2937 obtinenda
589 2900 623 2938 eo
644 2883 711 2958 ipso
734 2884 884 2960 incurrat,
900 2903 918 2942 a
932 2902 993 2958 qua
1014 2887 1138 2943 nonnisi
1157 2885 1196 2943 ab
1210 2883 1394 2960 Apostolica
1410 2883 1481 2945 Sede

309 2979 427 3051 poterit
448 2975 635 3052 dispensari.
1241 3057 1244 3061 ι

389 3072 511 3142 ΙῊΗ
533 3077 750 3151 cuiuscumque
772 3078 943 3154 privilegii,
966 3077 1138 3156 facultatis,
1171 3079 1298 3159 indulti,
1320 3081 1478 3160 dispensa-

309 3171 414 3246 tionis,
436 3172 669 3246 approbationis
691 3175 868 3249 regularum
881 3182 913 3233 et
925 3175 1191 3236 Constitutionunr
1213 3180 1308 3236 etiam
1330 3181 1366 3239 in
1387 3178 1479 3240 forma

308 3265 462 3342 specifica,
484 3286 575 3342 quam
587 3270 626 3326 ab
636 3271 816 3346 Apostolica
839 3272 927 3349 Sede,
951 3272 1065 3348 aliquis
1088 3272 1179 3351 Ordo,
1205 3275 1407 3353 Institutum,
1428 3275 1479 3333 Su-

309 3367 411 3439 perior
432 3363 613 3440 Religiosus
634 3375 883 3447 consequeretur,
906 3389 1074 3446 numquam
1095 3371 1168 3430 huic
1200 3373 1335 3432 Decreto
1358 3375 1478 3449 deroga-

258 3525 259 3529 ,
307 3465 375 3518 tum
397 3479 465 3519 esse
487 3469 660 3540 censeatur,
683 3449 745 3522 nisi
767 3468 796 3523 ei
818 3485 964 3543 expresse
987 3473 1019 3526 et
1040 3470 1223 3528 nominatim
1237 3470 1427 3548 derogetur,
1446 3469 1477 3526 li-

372 3645 406 3702 (1)
424 3641 606 3708 Privilegium
625 3647 654 3695 in
681 3662 793 3710 corpore
810 3649 881 3699 iuris
897 3650 1023 3700 clausum
1042 3649 1148 3701 dicitur
1173 3653 1245 3703 illud
1272 3655 1349 3718 quod
1366 3671 1401 3707 ex
1424 3655 1477 3704 iure

307 3719 497 3770 Decretalium
523 3721 639 3773 derivat.
670 3723 754 3774 Hunc
781 3727 895 3777 modum
918 3727 1059 3792 loquendi,
1087 3729 1222 3780 nimirum
1240 3733 1267 3781 in
1283 3749 1392 3796 corpore
1416 3733 1476 3784 lura

306 3797 429 3874 clausum,
447 3807 469 3849 et
485 3808 558 3850 carra
575 3819 665 3862 corpus
683 3803 758 3864 luris,
777 3803 954 3857 induxerunt
976 3807 1118 3874 Doctores,
1132 3816 1194 3874 post
1210 3813 1373 3864 confectum
1382 3813 1476 3877 Corpus

308 3875 506 3941 Decretalium‚
524 3877 560 3928 ad
576 3879 809 3947 distinguendum
825 3884 897 3935 illud
915 3888 963 3938 ius
975 3887 1051 3952 quod
1068 3890 1099 3940 in
1111 3889 1315 3960 ¹Decretalibus
1335 3894 1473 3959 reperitur,

307 3955 416 4019 abillo,
435 3957 508 4020 quod
525 3963 668 4011 statutum
685 3969 727 4012 est
743 3965 774 4014 in
790 3963 1049 4018 Constitutionibus
1065 3968 1129 4019 RB.
1147 3969 1331 4035 Pontificum,
1349 3989 1419 4038 quae
1433 3977 1472 4020 ul·

308 4041 372 4098 pote
388 4051 444 4086 non
471 4038 592 4089 insertae
608 4039 638 4112 iu
654 4041 842 4094 Decretalium
868 4045 1041 4106 collectione,
1068 4047 1236 4114 dicebantur
1252 4059 1329 4102 satra
1356 4057 1472 4115 capania,

307 4112 343 4164 V.
359 4116 432 4165 Acta
449 4115 475 4165 S.
494 4115 580 4181 Sedis,
598 4117 659 4170 Vol.
676 4121 699 4170 Ι.
717 4137 779 4186 pag.
796 4123 853 4172 209.
