3200 4890
1014 9 1586 239 *uq-

300 504 445 591 legitimi
468 507 651 594 superioris
672 509 767 598 prius
794 533 878 597 opus
901 517 952 578 est
974 510 1221 578 oboedientiam
1243 520 1410 598 praestet,
1438 519 1477 580 et

300 620 415 698 postea
438 623 598 702 provocet
620 621 679 702 (1).

329 796 331 802 ,
388 722 462 808 204.
486 723 642 791 Effectus
676 725 914 813 appellationis
950 734 1001 793 est
1029 728 1164 814 duplex,
1190 729 1410 813 suspensione
1436 736 1474 794 et

298 827 514 897 devotatione.
538 831 594 898 Ex
615 831 735 919 primo,
744 837 907 920 pendente
922 835 1154 919 appellatione,
1172 833 1394 920 suspenditur
1412 834 1476 900 vis

299 929 443 1002 iuridioa
465 937 653 1010 sententiae
682 948 718 1006 et
739 940 862 1006 indicis
895 939 1130 1025 oompetentia‘,
1155 939 1237 1006 adeo
1259 947 1300 1005 nt
1322 939 1380 1006 hio
1411 964 1474 1007 ne·

299 1050 401 1131 queat
421 1044 623 1112 sententiam
645 1047 776 1133 exequi,
791 1070 853 1113 neo
869 1045 999 1132 aliquid
1014 1045 1176 1112 innovare
1198 1045 1287 1112 inre
1311 1046 1474 1132 litigiosa

298 1149 414 1226 contra
435 1153 490 1218 ias
510 1155 725 1238 appellantis.
756 1155 813 1220 Ex
849 1154 995 1220 secundo
1016 1152 1122 1218 iudici
1145 1153 1188 1220 ad
1217 1175 1317 1238 quem
1351 1155 1476 1240 appel-

297 1257 398 1343 latur,
421 1258 616 1326 devolvitur
631 1268 861 1336 scamarum
887 1259 1036 1345 cognitio
1072 1259 1309 1346 appellationis
1340 1283 1472 1346 nempe

298 1385 343 1430 aa
366 1366 442 1430 benc
463 1367 671 1450 appellatam
697 1359 756 1451 ait,
791 1364 976 1432 sedetiam
1005 1364 1164 1431 meritum
1181 1387 1308 1432 <causae
1334 1389 1395 1432 seu
1421 1389 1472 1432 aa

296 1472 373 1538 benc
395 1473 579 1538 iudicata-m
602 1472 647 1538 sit
670 1476 729 1556 (2).

385 1579 504 1645 Plures
526 1587 640 1646 tamen
662 1580 789 1646 dentur
811 1601 931 1645 causae
946 1579 983 1644 in
1009 1579 1132 1666 quibus
1146 1578 1329 1669 appellatio
1345 1582 1383 1646 ia
1410 1603 1473 1646 aa·

294 1687 446 1770 apennino
468 1685 675 1772 prohibetur.
700 1687 754 1752 Ita
776 1694 950 1772 nequeunt
972 1685 1129 1773 suspendi
1153 1685 1339 1752 sententiae
1364 1709 1471 1772 supe-

296 1791 423 1858 riorum
445 1792 653 1880 regularium
677 1793 719 1859 ad
741 1793 982 1859 porrectionem
1004 1801 1038 1858 et
1061 1793 1273 1878 punitionem
1307 1793 1468 1878 religiosi

265 1897 268 1902 ’
296 1883 455 1984 prolatae.
477 1901 553 1966 Non
575 1909 732 1965 servatur
764 1900 801 1966 in
822 1899 1020 1986 suspensivo
1043 1897 1226 1984 appellatio
1250 1923 1270 1964 a
1308 1900 1472 1966 censuris

295 2003 364 2071 iam
386 2005 524 2072 inflictis
547 2014 582 2071 et
619 2006 716 2072 modo
738 2006 891 2072 absoluto
914 2007 969 2089 (3);
993 2028 1056 2070 nec
1078 2028 1099 2071 a
1120 2005 1265 2072 decretis
1299 2005 1472 2092 Episcopi

295 2111 332 2178 in
354 2111 548 2178 visitatione
571 2112 730 2178 dioecesis
743 2112 831 2178 eirca
852 2113 982 2177 cultum
1001 2121 1036 2178 et
1059 2112 1301 2178 correctionem
1315 2135 1469 2196 morum,

296 2217 351 2283 vel
372 2241 392 2282 a
414 2217 688 2303 suspensionibus
708 2240 751 2283 ca
773 2219 959 2304 informata
981 2218 1179 2283 comcieatia
1207 2224 1270 2283 etc.
1292 2219 1347 2300 (4).

372 2325 447 2389 205.
460 2325 515 2389 Ad
525 2323 786 2410 appellationem
798 2323 995 2389 referuntur
1006 2321 1109 2388 etiam
1122 2326 1264 2408 apostoli
1275 2331 1310 2389 et
1322 2327 1470 2411 fatalia.

382 2431 562 2518 Apostoli
586 2455 644 2496 seu
668 2431 761 2498 missi
783 2431 945 2496 dicuntur
968 2431 1044 2496 illae
1065 2429 1201 2496 litterae
1224 2431 1347 2516 quibus
1380 2455 1466 2498 cau-

294 2561 331 2604 sa
353 2538 394 2604 de
417 2561 484 2603 uno
506 2539 549 2604 ad
572 2537 664 2604 aliud
687 2538 838 2603 tribunal
861 2537 1077 2603 transfertur.

385 2643 533 2712 Fatalis
556 2653 671 2710 autem
707 2652 787 2710 sunt
809 2643 947 2729 quidam
970 2641 1107 2708 termini
1137 2643 1259 2708 statuti
1297 2645 1469 2730 temporis
1582 2655 1583 2658 ’

292 2752 383 2818 intra
405 2753 494 2838 quod
515 2753 697 2837 appellatio
726 2751 979 2836 interponenda,
1009 2751 1244 2835 prosequenda
1281 2757 1317 2815 et
1340 2752 1465 2818 finien-

291 2859 336 2924 da
357 2868 417 2924 est.
456 2857 590 2924 Fatalis
615 2860 658 2929 ad
695 2859 919 2925 inchoandam
949 2857 1216 2945 appellationem
1240 2866 1322 2923 sunt
1343 2859 1467 2925 decem

291 2965 364 3048 dies
386 2967 428 3032 ab
450 2965 664 3032 intimatione
687 2965 882 3032 sententiae.
907 2965 1040 3031 Fatalia
1063 2965 1106 3031 ad
1126 2966 1396 3052 prosequendam
1418 2991 1464 3032 ex

292 3071 366 3162 iure
388 3096 460 3139 can.
485 3081 683 3139 statuuntur
706 3072 851 3139 aiudice
875 3100 894 3135 a
917 3095 993 3158 qao,-
1020 3095 1063 3137 ex
1093 3070 1198 3157 civili,
1223 3073 1378 3139 semestri
1402 3074 1460 3138 ab·

290 3180 479 3246 solvuntur.
503 3180 558 3246 Ad
579 3179 763 3245 finiendam
785 3179 943 3264 denique
957 3178 1157 3245 conceditur
1179 3189 1289 3245 annus
1310 3180 1459 3265 integer;

290 3310 334 3352 ex
355 3309 455 3352 causa
478 3298 592 3364 tamen
613 3286 799 3353 necessaria
823 3285 997 3352 biennium
1022 3289 1078 3368 (5).

304 3496 318 3504 ”
363 3503 403 3572 (1)
422 3500 509 3555 neor.
529 3500 557 3554 s.
578 3497 609 3554 u.
630 3499 666 3554 R.
687 3499 807 3554 111un.
828 3499 905 3553 1754.
1004 3499 1007 3506 ·

303 3665 306 3671 ,
362 3605 399 3670 (2)
420 3605 508 3675 Lapa,
526 3601 584 3656 vol.
603 3601 627 3668 1,
648 3620 676 3654 n.
695 3603 747 3656 625
767 3607 799 3655 et
816 3617 898 3672 seqq.

304 3691 309 3770 i,
362 3714 400 3782 (3)
421 3711 483 3767 Cfr.
500 3711 623 3778 Pacific.
647 3713 868 3781 Pierontonetli,
900 3709 1010 3766 Praxis
1029 3709 1087 3764 fori
1107 3709 1181 3766 eccl.
1201 3710 1250 3764 tit.
1279 3709 1332 3779 VI,
1361 3728 1389 3764 n.
1406 3711 1458 3778 333

292 3804 480 3872 Schmatzpr,
500 3800 528 3872 h.
548 3808 569 3856 t.
589 3819 617 3854 n.
638 3800 689 3854 109
708 3817 790 3872 reqq.

361 3910 400 3980 (4)
420 3911 509 3964 Ocno.
529 3907 610 3964 Trio.
629 3927 704 3964 sess.
724 3909 838 3976 XXIV,
858 3927 882 3978 c;
902 3910 944 3978 10;
965 3911 1071 3964 Bencd.
1089 3911 1138 3964 XI
1143 3910 1174 3965 V.
1194 3907 1297 3964 const.
1316 3929 1332 3955 «ι
1346 3911 1394 3964 Ad
1403 3913 1459 3965 mi·

286 4004 402 4060 litantia
421 4019 436 4050 »
456 4000 491 4053 30
510 3997 596 4052 Mart.
617 4001 697 4068 1742;
718 4001 854 4068 Fagnaa.
875 4000 905 4052 in
925 4016 989 4068 cap.
1019 4018 1034 4050 c
1056 3999 1103 4054 Aa
1120 4002 1255 4054 nostram
1276 4019 1288 4046 2
1313 4004 1344 4052 et
1364 4017 1381 4050 e
1400 3999 1458 4054 Sa·

286 4108 345 4164 per
363 4106 394 4145 co
410 4112 434 4156 ›,
454 4087 499 4142 De
519 4089 637 4158 appell.;
655 4091 802 4157 Ferraria,
822 4107 849 4143 v.
868 4091 1046 4158 Appellatio.

359 4199 399 4268 (ὅ)
417 4198 528 4265 Devctt,
548 4195 630 4251 Tom.
649 4197 705 4265 ΙΙΙ,
724 4198 773 4252 tit.
793 4195 859 4264 XV,
879 4194 961 4269 §133
979 4198 1077 4266 Sacili,
1095 4195 1115 4252 l.
1134 4213 1160 4250 c.
1182 4213 1210 4250 n.
1228 4196 1264 4252 25
1284 4207 1378 4267 seqq.;
1401 4198 1458 4252 los.

289 4289 421 4355 Ferrari,
442 4286 517 4340 Inst.
536 4303 564 4338 n.
581 4287 633 4340 872
653 4303 745 4358 seqq.;
763 4287 805 4342 M.
825 4285 868 4342 Da
882 4289 974 4352 Luca,
995 4286 1094 4353 n.241;
1117 4285 1278 4350 Veccltiolti,
1299 4283 1341 4346 ΙΙ,
1357 4302 1383 4337 c.
1397 4283 1457 4351 III,

287 4375 326 4429 de
345 4374 408 4430 iud.
426 4373 445 4446 ξ
464 4375 508 4442 47;
529 4367 615 4445 Lapa,
635 4375 659 4442 I,
679 4393 708 4428 n.
727 4375 779 4428 644
798 4391 882 4446 seqq.
