3234 4902
1306 339 1342 393 19

158 458 474 544 independentiam‚
498 457 677 544 sphaeram
700 455 882 522 iuridicam
911 457 1054 524 actionis
1089 459 1226 545 penitus
1260 483 1336 546 pro·

159 567 257 654 priae
295 566 473 650 habeat‚a
507 565 601 631 nullo
625 563 822 650 principatu
858 565 1056 632 territoriali
1092 574 1241 632 creatam
1275 591 1338 633 nec

158 674 226 761 ipsi
251 673 449 755 subiectam,
475 673 532 738 sed
557 673 661 738 libere
684 673 800 758 possit⁷
825 673 888 738 sub
916 672 1101 739 directione
1125 683 1159 739 et
1194 675 1339 761 imperio

155 781 386 866 auctoritatis,
427 781 595 847 actionem
629 803 725 846 suem
763 781 945 846 extendere
976 781 1068 866 apud
1106 805 1336 868 quascumque

159 892 326 976 nationes,
349 891 397 956 ita
422 898 461 956 ut
484 891 521 954 in
551 889 661 975 ipsam
684 891 779 956 nulla
803 890 870 956 alia
910 890 1092 976 peculiaris
1115 899 1264 977 potestas
1302 915 1337 957 se

155 998 333 1085 explicare
354 997 485 1082 debeat,
509 997 567 1062 sed
590 997 736 1082 imperet
771 1004 907 1062 tantum
931 997 984 1062 ius
1017 996 1103 1062 illud
1144 997 1337 1065 universale

156 1104 251 1188 quod
278 1102 484 1168 determinat
507 1110 542 1167 et
564 1101 700 1167 ordinat
723 1125 838 1168 omnes
863 1103 1035 1188 generales
1059 1102 1254 1168 activitates
1277 1108 1335 1187 (1).

251 1208 359 1294 Atqui
383 1209 466 1275 haec
490 1208 654 1293 requisita
677 1230 763 1294 quae
787 1209 830 1274 ad
854 1209 1132 1294 personalitatem
1155 1209 1337 1276 iuridicam

157 1317 346 1403 pertinent,
369 1316 532 1382 eminenti
557 1316 655 1382 modo
677 1315 832 1381 Ecclesia
860 1315 1026 1381 catholica
1043 1316 1199 1406 possidet.

251 1426 355 1490 quta
377 1423 468 1488 enim
492 1424 615 1508 dogma
638 1423 853 1508 catholicum,
879 1423 1033 1488 Ecclesia
1063 1447 1082 1488 a
1114 1424 1251 1489 Christo
1268 1425 1334 1489 Do-

158 1531 253 1597 mino
275 1531 430 1615 fundata,
455 1529 586 1595 ratione
624 1528 741 1595 habita
779 1529 918 1595 adeius
957 1533 1252 1621 crpaaizotiooem‚
1293 1532 1335 1596 ad

161 1640 264 1704 finem
288 1661 388 1723 quem
412 1635 476 1702 sibi
500 1637 670 1723 proponit,
695 1637 738 1702 ad
762 1635 873 1702 media
897 1637 1017 1702 saltem
1041 1636 1226 1703 intrinseca
1249 1661 1338 1723 quae

158 1745 323 1832 disponit,
349 1753 400 1810 est
423 1767 546 1831 corpus
569 1745 691 1810 sociale
715 1745 804 1829 quod
828 1768 870 1810 ex
894 1768 928 1809 se
952 1743 1025 1810 vita
1049 1745 1154 1810 vicies
1170 1747 1335 1812 saeculari

154 1854 287 1940 gaudet
325 1862 360 1919 et
397 1861 514 1919 contra
552 1853 641 1938 quod
680 1861 799 1938 portae
833 1852 936 1918 inferi
969 1876 1041 1918 non
1076 1855 1333 1938 praevalebunt

155 1962 339 2046 sphaeram
363 1959 506 2026 actionis
529 1960 687 2046 propriae
711 1960 813 2025 habet
837 1982 924 2044 quae
947 1960 1098 2025 refertur
1121 1961 1162 2025 ad
1187 1961 1334 2026 sanctifi-

155 2067 327 2134 cationem
350 2067 537 2149 hominum;
557 2089 630 2143 non
654 2067 813 2153 pendete
830 2066 990 2132 civilibus
1006 2067 1232 2152 potestatibus
1248 2091 1333 2152 quae

160 2174 263 2239 immo
286 2171 418 2238 ratione
439 2171 516 2238 finis
539 2181 658 2258 utpote
673 2171 860 2256 inferiores
878 2181 917 2237 ut
934 2171 1093 2256 vidimuS‚
1111 2171 1142 2237 ei
1158 2172 1331 2238 subiacere

156 2280 295 2346 debent:
319 2279 487 2346 actionem
510 2303 605 2346 suam
628 2281 777 2366 explicat
799 2303 861 2367 pro
884 2279 1045 2347 universo
1069 2303 1192 2365 genere
1227 2281 1334 2346 homi-

159 2410 243 2454 num
259 2388 321 2453 sub
337 2387 523 2454 directione
540 2396 574 2452 et
586 2389 730 2474 imperio
745 2389 777 2455 S.
791 2388 977 2471 PontifioiS,
991 2413 1030 2454 ea
1044 2388 1232 2454 stabilitate
1248 2411 1334 2474 quae

155 2518 227 2561 non
249 2493 427 2560 invenitur
449 2496 540 2582 apud
564 2495 696 2581 reliqua
719 2518 823 2581 regna
846 2503 881 2561 et
904 2495 1022 2561 civiles
1046 2495 1254 2580 respublicas
1278 2497 1332 2578 (2).

159 2731 175 2763 e
196 2711 283 2764 l’arte
297 2709 327 2764 di
341 2709 493 2779 ordinare,
505 2710 534 2764 di
548 2709 692 2778 dirigere,
706 2711 735 2764 di
751 2710 873 2780 seguire
887 2727 943 2765 con
958 2727 1144 2764 conoscenza
1154 2710 1185 2764 di
1197 2726 1289 2764 causa
1304 2709 1332 2764 le

156 2798 307 2856 relazioni
328 2797 375 2852 fra
395 2797 425 2852 la
444 2799 557 2855 Ghiesa
576 2816 592 2853 e
612 2799 640 2853 le
661 2799 777 2854 sociata
796 2799 943 2870 politiche
963 2817 989 2854 ».
1009 2797 1072 2854 cu.
1093 2799 1185 2853 etiam
1199 2801 1333 2867 audisio,

158 2889 234 2943 Idea
253 2887 368 2942 storias
387 2905 403 2942 e
423 2886 577 2942 rarionele
596 2888 677 2942 della
697 2887 888 2960 Diplomazia
909 2887 1140 2943 Ecclesiastica.

230 2997 267 3061 (1)
287 3014 302 3046 c
323 2996 349 3047 A
370 3011 475 3048 norma
485 2995 534 3048 del
554 2993 669 3050 Diritto
689 2995 935 3049 Internaaionale
952 3026 985 3035 -
999 2994 1109 3049 scribit
1122 2995 1159 3048 cl.
1178 2997 1211 3050 P.
1230 2997 1328 3064 Flore,

157 3084 267 3140 Diritti
288 3102 304 3138 e
324 3083 428 3138 doveri
444 3083 679 3138 internazionali
702 3085 784 3140 della
799 3085 921 3152 Ohiesa,
942 3083 1181 3158 §686,sez.1V;
1201 3090 1330 3138 estratto

155 3175 209 3229 dal
229 3173 369 3228 Trattato
381 3173 411 3227 di
426 3171 541 3228 Diritto
555 3173 801 3228 Internazionale
813 3173 957 3245 pubblico
969 3205 1000 3214 —
1015 3173 1087 3244 ogni
1104 3172 1331 3239 individualita,

157 3264 213 3318 che
234 3264 329 3318 esiste
349 3283 365 3316 «
385 3267 450 3319 iare
468 3281 521 3320 suo
540 3282 566 3331 a,
586 3283 601 3317 e
620 3265 675 3320 che
694 3265 734 3318 ha
753 3281 814 3318 una
835 3265 956 3336 propria
975 3264 1058 3320 alera
1079 3263 1232 3332 giuridica
1254 3262 1332 3317 indi-

158 3353 311 3425 peudente
332 3353 382 3406 dal
402 3353 509 3408 diritto
529 3353 715 3408 territoriale
735 3353 810 3408 deve
830 3371 932 3408 essere
953 3353 1147 3410 considerata
1169 3369 1252 3406 come
1265 3369 1331 3423 per·

156 3459 235 3498 eona
254 3443 336 3496 della
356 3443 472 3497 sociata
493 3440 739 3498 lnternazionsle
753 3461 778 3498 ».
808 3443 849 3497 Et
868 3444 904 3499 cl.
926 3444 1050 3500 Chartae
1071 3443 1170 3508 Calvo,
1193 3441 1235 3496 Le
1251 3441 1332 3496 droit

159 3533 383 3586 internetional
404 3539 460 3588 eto.
480 3539 552 3589 tom.
571 3531 596 3603 1,
616 3531 635 3604 ξ
656 3534 722 3587 169:
755 3553 771 3584 «
791 3530 860 3586 Elle
889 3549 1019 3603 suppose
1041 3549 1155 3587 comme
1176 3531 1249 3586 base
1270 3549 1329 3586 une

154 3620 274 3676 sociate
306 3619 415 3688 stabla,
436 3639 472 3676 en
493 3639 611 3676 mesore
632 3622 668 3676 de
688 3621 827 3676 scutsnir
847 3638 900 3675 son
923 3620 1153 3692 independance
1168 3637 1207 3674 au
1222 3637 1330 3692 moyen

153 3709 195 3764 de
215 3727 265 3764 ses
298 3725 422 3780 propres
453 3727 637 3776 ressourcea
670 3717 779 3766 etune
805 3709 939 3765 autoritb
960 3709 1072 3780 charge
1101 3709 1137 3764 de
1165 3709 1195 3763 la
1214 3708 1332 3779 dirigor

157 3815 227 3853 vers
247 3797 276 3853 le
296 3798 351 3852 but
371 3799 489 3870 qu’elle
508 3817 541 3855 se
562 3817 700 3872 propose.
730 3799 777 3854 En
799 3800 818 3853 l’
832 3799 962 3854 absence
984 3799 1020 3852 de
1041 3798 1121 3852 l'une
1142 3815 1180 3852 oc
1201 3797 1237 3852 de
1258 3797 1330 3852 liau-

152 3895 203 3944 tre
223 3887 261 3942 de
280 3905 331 3943 ces
350 3888 533 3956 conditione,
565 3889 669 3944 l'Etat
699 3888 727 3942 n'
741 3888 840 3942 existe
860 3905 914 3958 pas
935 3887 1011 3941 dans
1031 3903 1086 3941 son
1107 3885 1286 3956 integralitb
1301 3881 1332 3940 et

156 3977 200 4032 tel
220 3977 269 4052 qu'
282 3977 305 4031 il
325 3978 444 4033 devrait
463 3981 527 4034 stre
546 3995 623 4050 pour
647 3977 773 4034 devenir
792 3978 822 4031 la
842 3995 949 4034 source
970 3985 1000 4032 et
1020 3977 1039 4030 l’
1056 3976 1176 4047 origine
1197 3976 1234 4030 de
1254 3975 1331 4030 rela-

151 4069 240 4122 tions
260 4067 516 4123 internetionales
536 4087 562 4124 2.
1305 4081 1307 4086 ·

230 4175 267 4241 (2)
287 4194 303 4228 «
322 4175 368 4229 La
387 4173 499 4230 chiesa
518 4175 592 4241 sola,
618 4175 661 4228 ait
683 4177 778 4240 Fibra,
799 4173 939 4246 possiede
972 4173 1074 4227 tuttii
1097 4170 1239 4244 requisiti
1276 4169 1332 4225 che
