3200 4890
1243 383 1301 439 369

78 495 82 501 ’
125 525 133 580 ᾗ
215 506 406 574 Nonnullae
417 511 532 571 tamen
554 503 743 572 sententiae
766 527 833 570 non
856 493 1066 572 transeunt
1055 528 1094 572 m
1116 529 1188 572 rem
1210 507 1320 574 iudi-

125 621 248 696 catam,
271 612 321 678 ita
344 637 396 679 ex.
414 635 465 698 gr.
479 617 512 693 a)
525 635 645 678 causae
668 611 1003 696 matrimonialesl(1)
1025 636 1111 699 quae
1145 621 1300 702 spectant

124 700 276 787 valorem
294 699 437 784 uinculi
452 701 729 802 matrimonialia
753 720 787 802 b)
807 723 927 786 causae
950 719 1216 790 beneficialcsu
1183 725 1287 808 (ito
1270 727 1299 806 c)

125 849 248 892 causae
269 823 378 893 lalus
378 825 601 935 arguemntis
622 825 752 893 inuitae
775 827 830 892 vel
853 835 971 894 contra
992 829 1102 915 legem
1125 839 1186 897 aut
1201 854 1299 898 cano-

125 955 185 1000 nes
208 939 270 1000 etc.

215 1039 279 1107 His
302 1039 426 1108 eninr
417 1024 454 1106 m
477 1039 620 1124 casibus,
636 1039 757 1125 quovis
772 1047 924 1127 tempore
939 1043 1134 1130 agnoscitur
1149 1067 1298 1112 errorem

125 1147 300 1234 irrepsisse
323 1149 360 1214 in
383 1147 518 1234 iudicio,
543 1147 722 1214 retractari
747 1149 847 1216 debet
870 1151 925 1233 (3).

676 1401 751 1482 aa.

516 1545 556 1594 De
586 1543 692 1594 iudicii
722 1543 907 1594 correctione.
990 1536 993 1542 ’

215 1719 380 1786 Remedia
404 1720 446 1786 ad
470 1717 634 1784 iudicium
658 1716 896 1804 corrigendum
920 1718 988 1786 alia
1011 1727 1091 1786 sunt
1114 1721 1297 1809 ordinaria,

123 1825 192 1894 alia
215 1827 486 1894 extraordinaria
509 1828 567 1908 (4).

215 1923 415 2000 Remedium
449 1933 657 2000 ordinarium
690 1939 807 1999 contra
830 1935 1034 2000 sententiam
1056 1936 1224 2021 prolatam
1247 1943 1299 2001 est

122 2045 319 2130 appellatio.
404 2107 409 2116 ..

215 2151 291 2218 203.
315 2147 541 2234 Appellatio
565 2149 746 2214 definitur:
782 2151 979 2215 Provocatio
1011 2152 1053 2215 ab
1075 2153 1230 2237 inferiori
1252 2154 1299 2216 ad

196 2349 234 2418 (l)
254 2347 361 2416 Quoad
380 2346 507 2402 formam
523 2345 683 2400 iuridicam
703 2344 909 2414 pertractandi
927 2363 1035 2400 causas
1055 2346 1297 2404 matrimoniales

124 2429 194 2492 uide
205 2439 308 2494 Oonst.
324 2440 393 2492 Bea.
412 2437 493 2502 XIV,
516 2456 527 2482 ι
541 2436 594 2489 Dei
604 2437 794 2490 taiseratioae
805 2455 829 2502 r,
840 2436 867 2504 3,
879 2431 954 2488 Nov.
965 2435 1045 2490 1241.
1058 2434 1121 2490 afr.
1134 2438 1297 2506 Munerati,

126 2526 229 2583 Theoi.
249 2521 512 2582 sacramentarius
534 2523 702 2578 Elementa.

196 2634 223 2701 (2
226 2633 237 2700 )
206 2631 374 2686 20ausae
394 2628 590 2684 beneficiales
612 2627 684 2682 illae
705 2627 847 2681 dicuntur
868 2645 944 2700 quae
965 2627 1002 2681 ad
1021 2633 1139 2698 proprie
1142 2636 1235 2684 atem
1247 2631 1296 2685 be
1341 2617 1343 2620 Α

122 2697 236 2784 neficii‚
254 2719 354 2774 velad
375 2719 511 2773 eiusdem
531 2716 753 2817 possessionem
775 2716 1000 2788 acquirendam,
1021 2717 1067 2771 vel
1088 2716 1206 2772 adeam
1227 2720 1297 2774 reti·

123 2811 263 2876 nondam,
285 2809 332 2862 vel
353 2807 492 2879 denique,
513 2807 538 2860 si
560 2823 612 2877 per
641 2805 783 2860 iniuriam
805 2805 899 2860 fuerit
917 2806 1040 2872 amissa,
1060 2808 1298 2878 recuperandam
1371 2824 1375 2832 ’

122 2899 288 2972 pertinent.
307 2897 411 2951 Oritur
431 2915 510 2966 ergo.
525 2894 671 2950 iudicium
687 2899 862 2964 petitoriam
883 2894 908 2948 si
929 2897 1032 2965 agitur
1046 2895 1082 2951 de
1102 2897 1297 2966 proprietate,

119 2992 336 3058 possessorium
357 2986 384 3040 si
405 2985 441 3040 de
463 2983 665 3055 possessione.
697 2983 744 3037 Ad
766 2983 913 3038 iudicium
936 2988 1156 3054 possessorium
1177 3005 1296 3041 revoca-

122 3083 173 3130 tur
191 3080 333 3132 restitutio
351 3076 560 3144 spoliatorum,
580 3091 633 3129 seu
654 3073 734 3128 actio
755 3092 830 3144 quae
853 3074 883 3127 i'n
905 3073 934 3127 id
956 3074 1109 3145 competit,
1130 3075 1298 3128 remedium

122 3165 243 3220 scilicet
263 3164 487 3234 recuperandae
508 3161 712 3234 possessionis
733 3163 769 3216 ad
792 3162 902 3216 hoaut
923 3169 992 3216 ante
1013 3179 1231 3234 quamcumque
1253 3163 1297 3218 iu·

122 3253 265 3308 dicialem
286 3252 439 3306 actionem
467 3251 536 3324 quis
556 3252 586 3306 in
620 3252 781 3323 pristinam
809 3250 1033 3324 possessionem
1065 3252 1109 3306 rei
1131 3251 1298 3306 immobilis

121 3343 305 3398 restituatur
324 3361 342 3398 a
362 3361 421 3414 qua
442 3339 555 3398 iniuste
583 3343 721 3398 deiectus
742 3344 811 3400 fuit.
846 3343 908 3400 afr.
928 3344 996 3400 Lib.
1018 3345 1058 3411 ll,
1079 3345 1166 3400 Deor.
1187 3343 1235 3400 tit.
1256 3345 1299 3412 13;

123 3435 219 3494 Santi.
240 3433 268 3489 h.
288 3439 319 3502 t.;
339 3435 522 3504 Saapaiaeti,
543 3451 571 3487 n.
590 3431 652 3486 644.

196 3539 235 3608 (3)
255 3537 318 3596 Gir.
336 3541 526 3610 Sctmalcpr,
546 3558 563 3593 «
584 3539 628 3593 De
649 3540 803 3594 sententia
835 3546 865 3594 et
894 3557 925 3595 re
946 3539 1081 3596 iudicato
1102 3559 1117 3588 a
1138 3559 1189 3596 nn.
1206 3541 1298 3610 64-70;

121 3627 328 3696 Reiffeastaet
348 3628 377 3682 h.
398 3634 418 3681 t.
438 3645 466 3682 n.
487 3628 538 3682 120
557 3645 650 3698 seqq.:
669 3631 800 3700 Piraiap,
821 3629 849 3682 h.
870 3635 890 3685 t.
911 3647 938 3684 n.
958 3631 1002 3686 60.

195 3735 232 3800 (4)
251 3731 400 3787 Remedia
420 3734 662 3788 extraordinaria
682 3741 761 3788 sunt:
790 3734 822 3803 a)
841 3739 960 3806 querela
985 3739 1130 3792 caltinus
1150 3753 1209 3807 qua
1228 3734 1298 3807 quis

122 3820 282 3876 contendit
311 3821 496 3876 sententiam
525 3823 672 3892 prolatam
706 3823 908 3886 nullamesse
929 3824 1039 3894 quippe
1059 3824 1135 3878 vitio
1156 3823 1298 3878 substan·

121 3911 190 3966 tiali
213 3910 415 3972 laborantem:
433 3914 460 3978 b)
480 3911 646 3966 remedium
666 3917 860 3968 restitutionis
869 3916 901 3968 ia
914 3917 1035 3986 iatapm,
1046 3932 1104 3986 quo
1124 3913 1298 3970 ministerio

122 3993 235 4056 iudicis¹
268 4000 307 4054 ob
337 4001 503 4056 laesionem
531 4019 580 4056 res
600 4001 630 4055 in
652 4001 813 4072 pristinam
833 4003 1019 4058 reducuntur
1038 4003 1243 4058 conditionem
1265 4003 1297 4057 in

122 4107 183 4164 qua
195 4089 400 4146 fuerantante
412 4091 509 4163 ipsam
528 4092 708 4160 laesionem,
725 4093 751 4162 c)
770 4111 909 4150 renarras
934 4093 1175 4165 adipriaoipew
1194 4094 1227 4162 d)
1253 4097 1298 4150 te-

121 4178 268 4248 acacium
296 4195 389 4234 aovaa
418 4183 588 4236 audientiae
618 4181 698 4252 apud
727 4182 855 4236 eundem
888 4181 1020 4236 iudicem
1040 4181 1092 4254 qui
1112 4181 1299 4237 sententiam

121 4267 205 4334 tulit,
226 4285 261 4322 ao
281 4267 410 4330 consilio
429 4277 464 4323 ut
483 4270 668 4325 sententiam
688 4271 837 4340 corrigat,
850 4277 910 4325 aut
930 4269 1096 4326 confirmet.
1117 4270 1178 4328 Gir.
1199 4273 1297 4342 Santi,

176 4391 308 4436 Morantur
321 4415 348 4426 -
363 4392 482 4438 maaria
495 4395 557 4438 tarta
571 4393 623 4438 cccl.
634 4394 700 4449 pua.
715 4397 737 4439 at
747 4395 848 4450 privati.
1219 4395 1246 4438 ut

1358 375 1370 405 0
