3234 4902
246 364 281 426 in
303 361 441 425 scientio
462 359 546 424 iuris
571 359 694 443 privati
729 380 787 422 sou
822 356 983 438 canonici,
1025 358 1119 422 cuins
1157 357 1336 440 proprium
1371 361 1418 438 est

248 471 287 534 de
308 469 401 532 illins
420 468 596 550 potestatis
620 466 775 532 exercitio
800 486 904 550 opere.
939 465 985 530 Et
1009 467 1047 530 de
1084 466 1143 530 loc
1160 508 1165 518 -
1183 463 1361 528 disseritur
1385 465 1420 526 in
1500 519 1503 526 .

247 577 331 641 libro
363 572 504 639 secundo
539 574 638 638 inula
669 572 831 636 usitatam
855 573 949 655 apud
971 573 1152 656 scriptores
1176 571 1419 654 partitionem:

248 682 299 746 De
324 679 480 766 personis,
507 678 682 761 derebus,
708 677 749 742 do
773 675 919 742 iudiciis.

339 789 434 872 Opus
468 794 498 851 et
531 788 717 852 intensione
746 793 777 850 et
803 786 984 850 intensione
1014 786 1111 850 ualde
1133 785 1367 870 imperfectum
1392 790 1422 847 et

244 899 382 980 plenam
406 894 637 958 tractationem
660 893 822 957 materiae
851 893 943 956 lond
966 892 1208 975 contpleetitur;
1232 912 1311 955 nam·
1335 891 1422 975 quod

248 1003 368 1068 attinet
390 1004 436 1066 ad
460 1023 512 1064 res
536 1022 619 1085 quae
641 1001 795 1064 strictam
820 1001 938 1064 labent
961 999 1124 1064 rationem
1148 1019 1222 1062 cum
1245 997 1421 1082 Theoloqia

249 1109 380 1191 morali,
407 1108 571 1172 studiosos
598 1107 684 1170 iuris
708 1106 920 1170 remittendos
955 1107 1065 1170 comui
1088 1107 1134 1170 ad
1157 1105 1313 1168 morales¹
1335 1105 1421 1168 tlteo-

249 1219 336 1303 loqos
358 1223 388 1280 et
406 1215 608 1300 praesertim
629 1215 674 1278 od
698 1215 737 1278 al.
765 1211 931 1298 Oolleqam
953 1219 984 1276 et
1006 1213 1208 1300 Maqistrnm
1225 1235 1332 1277 meum
1348 1213 1420 1278 dul-

250 1323 419 1387 cissimum
447 1323 508 1387 Tu.
532 1320 572 1386 Α.
598 1321 744 1385 Piscetto
768 1321 825 1404 qui
854 1347 873 1380 «
891 1321 1064 1386 Elementa
1092 1321 1284 1407 Theoloqiae
1309 1322 1422 1384 Moru-

250 1429 333 1492 lis»
359 1429 480 1511 optimc
512 1427 665 1492 tradidit.
850 1439 852 1442 ’
1366 1495 1368 1500 ,

339 1535 414 1598 Hoc
436 1534 471 1598 in
495 1535 604 1597 altera
627 1533 767 1597 editione
784 1533 868 1596 atili
883 1533 1085 1598 studendum
1100 1534 1187 1618 fnit:
1203 1537 1234 1614 a)
1258 1540 1296 1598 ut
1312 1533 1423 1618 fusius

252 1648 432 1706 tractorem
455 1661 593 1725 eaquae
616 1640 701 1703 scitu
716 1641 856 1704 'utiliora
879 1641 983 1705 sentio
998 1647 1029 1704 et
1045 1642 1149 1704 coetui
1165 1641 1313 1706 clericali
1330 1661 1422 1726 qene-

251 1748 353 1811 rotim
376 1753 407 1810 et
430 1746 626 1812 nominatim
651 1746 823 1829 tyronibus
846 1747 991 1828 nostris,·
1020 1745 1053 1827 b)
1077 1753 1114 1810 ut
1152 1747 1286 1832 aliquos
1324 1767 1422 1832 quoe-

250 1855 437 1919 stiuncnlos
467 1854 646 1917 evolverem
670 1874 754 1937 qnae
784 1855 872 1918 olias
902 1855 1018 1918 leniter
1051 1855 1157 1939 uttiqi
1191 1856 1228 1918 in
1262 1855 1424 1918 limitibus

253 1970 361 2026 tarsen
384 1966 530 2023 statutae
554 1960 738 2042 breuitatis·
762 1964 791 2040 a)
814 1967 852 2024 ut
868 1962 1051 2044 eupolirem
1067 1968 1098 2025 et
1114 1963 1323 2026 emendarem
1340 1981 1424 2045 qaae

251 2069 364 2150 inepta
387 2067 437 2130 oel
458 2066 571 2129 minus
593 2071 684 2128 recto
708 2065 840 2130 criticis
857 2067 930 2130 uiso
953 2074 1043 2149 sunt·
1066 2066 1101 2148 d)
1116 2075 1155 2132 nt
1168 2075 1283 2131 totum·
1296 2075 1423 2132 lentum

251 2173 337 2238 notis
370 2171 475 2257 maqis
507 2171 729 2254 locupletarer
762 2172 928 2255 excerptis
965 2194 1008 2237 eu
1041 2173 1194 2256 probatis
1227 2172 1425 2238 Auctoribus

252 2300 332 2365 quos
355 2300 405 2342 me
422 2278 600 2362 peritiores
630 2279 728 2343 duces
766 2280 913 2343 alumnis
931 2281 1106 2363 proposui,
1130 2287 1167 2364 ut
1189 2281 1264 2346 illos
1286 2301 1424 2364 sequan-

253 2395 309 2450 tur
331 2387 367 2451 in
389 2387 462 2450 acri
485 2406 525 2451 oc
547 2386 694 2469 impenso
716 2387 827 2450 studio
850 2388 911 2453 SS.
940 2385 1121 2452 cononum.

341 2493 395 2559 Ad
418 2514 502 2576 opus
525 2493 757 2557 absolvendum
779 2494 991 2558 Tractatilus
1015 2478 1095 2559 usus
1117 2515 1191 2560 sum
1208 2497 1424 2560 recentiorum

254 2608 285 2663 et
307 2601 589 2666 celeberrimorum
621 2599 881 2666 Cononistoram
916 2621 997 2684 quos
1020 2603 1221 2667 liberalitate
1244 2603 1425 2676 clarissimi

253 2707 330 2786 oiri,
355 2707 408 2770 cui
428 2707 561 2790 publice
595 2707 765 2771 monimus
796 2707 927 2792 qratios
950 2728 1019 2794 aqo,
1060 2710 1275 2792 inpromptu
1298 2731 1427 2793 semper

256 2815 367 2878 lobni.

344 2923 390 2986 Et
417 2943 513 3004 nunc,
542 2923 674 2986 Reume
709 2925 821 3005 Pater,
857 2925 1001 3006 opellam
1038 2926 1122 3013 lanc
1156 2926 1427 3009 qualemcumque

253 3030 351 3114 offero
378 3029 460 3112 Pili,
485 3035 523 3092 ut
546 3035 605 3104 tua
628 3030 828 3092 auctoritate
855 3032 1007 3116 suffulta,
1044 3032 1195 3116 aliquam
1222 3031 1421 3113 praesertim

254 3136 593 3217 nostris„ut'litotem
618 3137 747 3221 offerat,
773 3139 860 3220 quod
883 3131 957 3201 erat
979 3139 1014 3202 in
1039 3139 1131 3202 ootis.

379 3454 497 3508 Dabam
520 3455 655 3513 Parmae.
676 3455 744 3508 Kal.
765 3455 833 3509 Dec.
853 3472 902 3510 an.
922 3456 1073 3512 MGMIH
1095 3464 1096 3469 ’

1015 3735 1175 3785 Adducimus
1194 3737 1337 3800 Obseqmns

948 3851 1023 3916 Sic.
1049 3853 1186 3917 Dianas
1210 3855 1405 3925 Mannum.
