3198 4898
313 355 372 410 850

314 483 349 562 α)
372 479 500 543 rationo
523 476 697 562 domicilii·
720 480 751 560 b)
774 480 903 544 rationo
918 485 1118 560 contractum
1135 481 1164 558 c)
1183 480 1312 543 ratione
1328 480 1379 544 rei
1397 481 1494 561 ettae

315 587 351 667 d)
375 585 504 650 ratione
526 586 677 652 criminis
699 588 758 668 (1).

405 696 437 774 1)
453 692 672 760 Domicilium
687 693 724 759 in
740 715 863 779 genere
886 701 937 758 est
960 693 1054 760 locus
1075 693 1112 759 in
1135 716 1202 779 quo
1219 693 1363 779 quisque
1380 717 1495 762 mora·
1579 761 1580 764 ,

313 807 381 883 tur3
405 808 441 866 et
463 823 534 866 esse
557 807 670 886 potest
687 803 830 886 proprie
844 801 971 866 dictum
986 799 1014 865 ei
1031 800 1107 886 quis
1122 799 1246 866 alicubi
1261 802 1376 866 sedem
1393 823 1492 866 suam

313 905 411 992 ponit
434 929 511 972 cum
533 906 723 972 intentione
746 907 818 972 illic
840 906 1011 973 stabiliter
1034 907 1274 990 commorandi;
1298 915 1333 972 et
1362 909 1494 992 impro

307 1014 387 1098 prio
409 1014 535 1078 dictum
559 1035 617 1078 seu
641 1011 738 1099 quasi
761 1015 965 1080 domicilium
988 1013 1077 1098 quod
1100 1011 1292 1098 acquiritur
1315 1013 1408 1080 facto
1431 1013 1491 1078 ha·
1579 1007 1582 1146 l

314 1117 499 1203 bitationis,
524 1141 601 1183 cum
625 1120 737 1186 animo
760 1120 904 1205 degendi
930 1143 990 1208 per
1013 1128 1148 1208 tempus
1170 1119 1383 1204 diuturnum,
1401 1127 1489 1205 puta
1580 1149 1582 1158 =

312 1246 374 1310 per
397 1225 558 1292 maiorem
582 1234 715 1312 partem
739 1225 819 1292 anni
847 1229 903 1308 (2).

402 1331 468 1396 Per
490 1341 674 1418 utrumque
696 1341 810 1400 autem
833 1334 1042 1400 domicilium
1065 1329 1183 1401 forum
1199 1341 1393 1421 competens
1416 1355 1486 1399 sor·

312 1437 371 1502 tiri
396 1445 508 1524 potest
532 1442 587 1522 (3).
1279 1439 1282 1445 ⁴

402 1548 435 1628 2)
458 1546 602 1612 Nomine
626 1556 816 1613 contractus
838 1547 894 1613 hie
925 1549 1020 1615 venit
1054 1549 1163 1616 omnis
1199 1546 1363 1634 obligatio
1398 1570 1486 1632 quae

311 1653 383 1718 eive
405 1675 446 1718 ex
469 1661 652 1736 contracto,
676 1654 748 1720 sive
771 1677 814 1720 ecc
837 1658 1122 1740 quasi-contracto
1145 1656 1264 1722 oritur.
1290 1655 1339 1719 Et
1364 1654 1485 1740 regula

310 1767 371 1826 est:
398 1787 417 1821 c
440 1767 480 1823 ut
502 1781 646 1844 quocum
670 1759 794 1848 aliquis
816 1761 996 1847 contraxit,
1021 1761 1048 1827 si
1073 1785 1111 1830 eo
1133 1764 1205 1830 loco
1228 1764 1270 1828 de
1306 1767 1483 1828 contractu

310 1865 542 1941 conveniatur,
567 1867 612 1931 ibi
637 1891 672 1934 se
695 1870 875 1935 defendere
898 1869 1019 1934 debeat
1041 1871 1087 1952 (4)
1104 1897 1134 1936 ».

401 1976 433 2058 3)
457 1974 572 2041 Tertia
595 1975 683 2041 ratio
707 1983 758 2041 est
781 1978 830 2042 rei
853 1978 947 2042 siloc.
974 2003 992 2037 a
1015 1975 1057 2042 In
1085 1976 1166 2042 locis
1199 1975 1237 2042 in
1271 1975 1395 2062 quibus
1431 1998 1484 2040 res

310 2089 450 2168 propter
473 2105 556 2167 quas
580 2083 807 2166 contenditur,
831 2083 1035 2150 constitutae
1058 2091 1146 2168 sunt,
1170 2082 1329 2150 iubemur
1350 2082 1388 2148 in
1411 2106 1482 2148 rem

308 2187 477 2256 actionem
500 2189 662 2256 adversus
685 2189 912 2278 possidentem
935 2189 1063 2256 moveri
1087 2217 1106 2252 r
1142 2194 1196 2276 (ὃ).
1222 2191 1270 2255 Et
1292 2190 1355 2256 hcc
1390 2189 1482 2255 valet

310 2423 382 2478 item
403 2423 526 2478 nonnisi
552 2423 632 2494 apud
664 2421 780 2478 iudices
803 2421 876 2479 eccl.
895 2439 1083 2494 quecumque
1104 2421 1135 2476 in
1156 2422 1210 2476 lite
1231 2421 1415 2476 contendere
1436 2420 1478 2474 iu·

309 2514 390 2570 dicio
420 2531 517 2584 posse.
544 2513 628 2568 Tunc
654 2513 824 2568 attenditur
853 2512 986 2584 qualitas
1013 2529 1168 2584 personae,
1189 2529 1265 2583 quae
1286 2510 1318 2564 fit
1339 2509 1480 2582 exceptio

308 2603 433 2672 regulae
453 2603 589 2672 generali
611 2609 641 2656 et
661 2607 706 2659 illi
724 2605 825 2658 ordini
843 2619 1038 2672 personarum
1060 2608 1252 2672 comparatur
1270 2599 1479 2671 privilegium:

309 2709 346 2746 en
368 2691 598 2745 fundamentum
619 2690 777 2762 privilegii
799 2690 857 2744 fori
880 2691 1094 2746 ecclesiastici.
1114 2689 1176 2747 cfr.
1199 2694 1286 2762 Lepc,
1315 2708 1362 2762 op.
1383 2691 1435 2748 cit.
1462 2691 1481 2745 l.
1585 2719 1586 2740 1

308 2799 334 2836 c.
354 2799 385 2836 n.
402 2782 447 2836 32.

379 2889 415 2954 (Ι)
436 2889 615 2958 Schmclapr.
636 2885 683 2941 tit.
704 2887 748 2940 De
771 2885 835 2941 foro
856 2886 887 2940 in
902 2886 1095 2958 competenti,
1117 2905 1145 2943 n.
1165 2887 1190 2950 8,
1211 2888 1253 2955 16;
1272 2885 1478 2954 Reiffcnsiuel.

308 2977 354 3030 De
374 2975 439 3030 foro
459 2976 651 3047 competenti,
673 2995 701 3033 n.
719 2977 764 3042 67,
785 2977 820 3030 74
840 2982 897 3030 etc.

378 3084 415 3148 (2)
435 3083 475 3137 Et
494 3083 578 3137 eliud
607 3081 794 3138 domicilium
814 3083 904 3136 datur
923 3083 1003 3154 quod
1022 3083 1136 3138 dicitur
1154 3088 1254 3155 lecolo,
1276 3090 1308 3138 et
1326 3092 1374 3138 est
1395 3084 1479 3139 locus

305 3189 394 3243 quem
415 3173 464 3227 lex
484 3172 624 3243 assignat
643 3171 683 3226 iis
702 3172 754 3244 qui
774 3171 892 3228 ratione
912 3171 1099 3228 conditionis
1112 3181 1165 3227 aut
1184 3179 1283 3230 status
1301 3172 1348 3226 sui
1364 3173 1481 3228 alicubi

306 3277 428 3314 manere
449 3269 619 3328 censentur,
641 3260 762 3314 etiamsi
791 3276 898 3330 reapse
920 3260 962 3314 ibi
989 3277 1049 3314 non
1069 3268 1298 3327 commorentur,
1330 3267 1366 3315 ut
1388 3280 1417 3317 v.
1436 3279 1479 3332 gr.

304 3346 427 3404 clericis
448 3347 662 3416 beneficiariis,
681 3349 839 3419 religiosis
858 3353 916 3406 etc.
935 3348 973 3402 Et
988 3349 1019 3402 hi
1040 3349 1196 3404 conveniri
1219 3357 1345 3422 possunt
1359 3351 1390 3405 in
1413 3353 1478 3408 loeo

306 3437 448 3493 beneficii
469 3438 517 3492 vel
538 3437 724 3493 monasterii.
745 3440 845 3506 lccrd,
866 3437 923 3504 111,
944 3457 973 3494 n.
991 3440 1052 3507 ctu
1072 3441 1204 3511 nartiac,
1222 3439 1252 3495 h.
1271 3449 1283 3493 t
1313 3459 1341 3497 n.
1360 3440 1418 3496 IX.

376 3547 416 3616 (3)
436 3545 666 3614 &truciacum
686 3547 707 3601 t.
726 3563 755 3599 n.
775 3545 817 3602 17.

376 3653 413 3718 (4)
433 3653 483 3706 Ita
501 3669 539 3706 ex
557 3651 617 3721 leg.
640 3673 652 3699 ‹
672 3669 788 3709 omnem
808 3657 1015 3728 collectionem
1035 3671 1051 3704 »
1069 3652 1101 3707 ff.
1121 3653 1158 3708 de
1178 3653 1312 3710 iudiciis.

377 3741 462 3795 Haec
481 3747 582 3794 tamen
603 3742 711 3810 regula
739 3743 842 3812 urgeri
865 3760 924 3796 non
944 3749 1044 3814 potest
1070 3742 1191 3813 quando
1221 3751 1324 3813 partes
1353 3744 1386 3798 in
1413 3745 1480 3817 ipso

303 3837 463 3885 contractu
483 3828 685 3898 designarunt
699 3830 798 3886 locum
818 3832 982 3886 solvendae
1003 3830 1205 3901 obligationis
1224 3833 1480 3903 quemadmodum

305 3917 337 3974 in
357 3917 443 3990 praxi
464 3918 664 3972 communiter
683 3920 871 3976 observatur.
891 3919 953 3976 cfr.
972 3923 1067 3987 Sunii,
1087 3921 1106 3974 l.
1126 3939 1151 3976 c.
1170 3939 1199 3976 n.
1219 3922 1261 3978 13.

376 4027 412 4092 (ὅ)
433 4025 469 4079 ln
489 4025 509 4079 l.
526 4025 554 4079 3.
574 4027 606 4082 O.
631 4029 686 4082 Ubi
704 4030 736 4083 ia
753 4043 817 4083 rem
837 4032 922 4084 actio.
947 4029 986 4084 Et
1007 4029 1055 4084 ius
1075 4046 1140 4084 can.
1158 4027 1238 4082 hanc
1257 4028 1375 4101 dispos.
1395 4049 1482 4088 acce·

278 4161 280 4166 .
304 4113 413 4184 ptavit.
433 4131 458 4170 c.
477 4114 522 4182 20,
541 4114 570 4170 h.
589 4122 611 4170 t.
