3266 4896
1271 321 1322 375 137

146 465 299 506 summum
322 445 429 503 mundi
450 445 691 521 gubernatorem
705 445 804 504 Deum
820 447 948 522 intueri,
964 463 1093 520 eumque
1115 447 1322 524 sibimetipsis

145 547 182 601 in
196 541 446 602 administranda
462 545 591 601 civitate
603 549 761 618 tamquam
775 542 951 620 exemplum
966 542 1125 619 legemque
1139 563 1321 620 proponere.

148 642 233 701 Deus
254 644 351 717 enim,
369 643 449 699 sicut
471 643 504 698 in
527 641 628 717 rebus,
651 659 728 716 quae
751 648 826 699 sunt
840 659 979 716 quaeque
994 647 1174 718 cernuntur,
1195 661 1321 702 caussas

142 742 258 817 genuit
275 738 488 813 secundariae,
523 741 555 796 in
581 739 694 814 quibus
714 741 849 814 perspici
872 737 976 814 aliqua
997 742 1119 798 ratione
1140 746 1247 816 posset
1267 761 1322 799 na-

148 845 220 896 tura
251 840 392 912 actioque
422 837 540 914 divina,
572 857 711 914 quaeque
743 837 782 895 ad
815 857 885 897 eum
913 837 1016 914 finem,
1039 857 1099 914 quo
1120 839 1196 897 haec
1217 859 1321 898 rerum

8 987 12 994 .
99 987 103 992 .
147 941 270 1013 spectat
290 937 490 1010 universitas,
513 935 729 994 conducerent:
751 939 797 994 ita
819 937 850 994 in
866 937 1015 994 societate
1038 936 1124 994 civili
1141 936 1239 995 voluit
1252 957 1321 996 esse

147 1035 367 1110 principatum,
389 1051 479 1107 quem
500 1034 552 1106 qui
573 1041 729 1108 gererent,
762 1035 784 1090 ii
811 1035 978 1108 imaginem
1009 1031 1173 1108 quamdam
1194 1037 1320 1095 divinae

147 1135 301 1208 ingenus
323 1131 489 1189 humanum
519 1134 686 1207 potestatis
708 1132 894 1206 divinaeque
917 1131 1133 1208 providentiae
1154 1131 1320 1194 referrent.

145 1231 249 1290 Debet
270 1233 369 1306 igitur
389 1232 554 1306 imperium
575 1233 691 1288 iustum
714 1249 791 1302 esse,
815 1249 914 1306 neque
936 1231 1044 1308 herile,
1071 1231 1125 1290 sed
1157 1234 1246 1306 quasi
1267 1250 1321 1307 pa·
1359 1305 1367 1312 .

146 1337 281 1403 ternum,
303 1329 375 1402 quia
396 1326 455 1386 Dei
477 1329 650 1385 iustissima
676 1331 708 1386 in
730 1328 871 1386 homines
893 1335 1033 1404 potestas
1054 1336 1103 1388 est
1124 1336 1156 1387 et
1178 1347 1246 1388 cum
1268 1349 1320 1406 pa-

147 1435 239 1486 terna
267 1427 409 1484 bonitate
441 1423 615 1485 coniuncta:
646 1427 817 1502 gerendum
850 1447 923 1487 vero
955 1437 1004 1486 est
1026 1428 1062 1486 ad
1086 1429 1257 1486 utilitatem
1278 1431 1321 1486 ci-

147 1529 242 1600 vium,
264 1526 417 1598 quia-qui
448 1535 597 1600 praesunt
620 1527 744 1601 ceteris,
767 1527 824 1584 hac
846 1547 908 1584 una
929 1527 968 1584 de
990 1546 1099 1585 caussa
1115 1532 1264 1603 praesunt
1285 1532 1321 1584 ut

145 1623 288 1682 civitatis
309 1621 481 1680 utilitatem
508 1627 665 1682 tueantur.
699 1623 807 1698 Neque
838 1623 901 1682 ullo
935 1631 1025 1700 pacto
1056 1623 1320 1696 committendum,

146 1725 240 1780 unius
261 1727 306 1797 ut,
328 1719 377 1778 vel
399 1737 565 1797 paucorum
587 1721 741 1780 commodo
763 1725 883 1780 serviat
914 1722 1017 1781 civilis
1050 1725 1230 1798 auctoritas,
1252 1743 1320 1782 cum

146 1820 185 1878 ad
209 1837 367 1878 commune
389 1821 524 1877 omnium
546 1819 657 1876 bonum
673 1823 845 1878 constituta
867 1823 919 1880 sit.
936 1819 1023 1894 Quod
1042 1824 1078 1898 si,
1093 1824 1146 1896 qui
1162 1827 1320 1898 praesunt,

141 1919 334 1978 delabantur
358 1923 390 1978 in
413 1918 606 1978 dominatum
641 1922 802 1997 iniustum,
825 1923 852 1979 si
874 1923 1113 1998 importunitate
1135 1923 1321 1998 superbiave

145 2021 355 2096 peccaverint,
377 2017 505 2076 simale
535 2017 646 2094 populo
678 2018 900 2096 consuluerint,
936 2022 1038 2077 sciant
1072 2019 1133 2078 sibi
1153 2022 1321 2078 ¹rationem

143 2115 314 2190 aliquando
335 2115 488 2203 Decesse
510 2114 710 2192 reddendam,
739 2115 831 2190 idque
853 2115 941 2174 tanto
963 2119 1112 2193 severius,
1134 2123 1249 2191 quanto
1270 2117 1321 2175 vel

143 2215 303 2274 sanctiore
324 2217 358 2272 in
379 2207 506 2272 munere
527 2215 645 2271 versati
668 2215 743 2289 sint,
765 2213 814 2272 vel
836 2213 967 2290 gradum
990 2213 1157 2288 dignitatis
1178 2215 1321 2274 altiorem

144 2314 353 2372 obtinuerint.
376 2315 515 2370 Potentes
532 2319 670 2386 potenter
691 2319 840 2372 tormenta
857 2315 1019 2386 patientur
1043 2314 1097 2386 (1).
1119 2347 1157 2356 -
1172 2313 1223 2372 Ita
1246 2332 1320 2372 sane

144 2413 342 2469 maiestatem
365 2412 489 2486 imperii
521 2413 699 2468 reverentia
730 2413 844 2468 civium
867 2410 998 2470 honesta
1020 2416 1052 2469 et
1073 2411 1174 2470 libens
1195 2414 1321 2469 eomita-

144 2509 243 2567 bitur.
265 2507 391 2566 Etenim
413 2525 481 2565 cum
503 2507 599 2566 semel
620 2509 653 2564 in
675 2511 812 2565 animum
835 2507 1028 2584 induxerint,
1050 2507 1175 2585 pollere,
1197 2511 1248 2583 qui
1265 2513 1322 2568 im-

142 2609 269 2682 perant,
291 2607 478 2662 auctoritate
500 2625 517 2662 a
539 2604 603 2662 Deo
624 2605 707 2680 data,
730 2603 784 2662 illa
800 2604 924 2679 quidem
947 2603 1046 2662 officia
1060 2608 1144 2663 iusta
1158 2625 1194 2664 ac
1214 2605 1321 2664 debita

141 2719 215 2760 esse
237 2703 385 2778 sentient,
407 2699 491 2758 dicto
524 2701 688 2759 audientes
710 2719 777 2758 esse
799 2701 994 2776 principibus
1016 2701 1213 2776 eiusdemque
1236 2703 1320 2762 obse·

140 2801 253 2874 quium
275 2819 310 2857 ac
331 2797 423 2856 fidem
445 2787 605 2875 praestare
628 2817 696 2857 cum
718 2798 849 2873 quadam
862 2799 1068 2858 similitudine
1083 2803 1222 2877 pietatis,
1243 2820 1321 2876 quae

143 2897 315 2955 liberorum
336 2901 385 2954 est
406 2915 480 2972 erga
501 2901 657 2972 parentes:
697 2898 803 2956 Omnia
837 2903 943 2956 aalma
962 2883 1169 2977 ‘miratoribus
1200 2903 1321 2958 subdita

140 2999 189 3056 sit
213 2995 266 3070 (2).
287 3029 327 3037 -
349 2994 502 3070 Spernere
531 2997 645 3069 quippe
676 2999 864 3071 potestatem
887 2993 1069 3072 legitimam,
1091 2999 1232 3071 quamvis
1254 3016 1321 3056 eam

144 3098 180 3154 in
203 3113 333 3170 persona
356 3112 424 3152 esse
446 3095 634 3170 constiterit,
657 3111 717 3151 non
739 3096 838 3169 magis
861 3093 944 3168 licet,
960 3113 1051 3168 quam
1073 3093 1198 3152 divinae
1214 3095 1322 3154 volun-

140 3195 205 3252 tati
238 3194 396 3250 resistere:
418 3194 466 3249 cui
490 3194 516 3248 si
538 3193 590 3266 qui
624 3194 785 3268 resistant,
807 3195 840 3270 in
865 3194 1031 3265 interitum
1052 3199 1148 3251 ruunt
1180 3193 1321 3261 volunta-

142 3294 237 3350 rium.
263 3289 325 3359 Qui
348 3293 459 3348 resistit
492 3295 642 3362 potestati,
665 3292 723 3348 Dei
753 3293 944 3349 ordinationi
976 3294 1104 3350 resistit:
1137 3299 1190 3370 qui
1220 3300 1320 3350 cutem

141 3395 300 3462 resistunt,
322 3391 383 3467 ipsi
404 3391 463 3446 sibi
483 3391 709 3446 <comisationem
732 3373 903 3463 acquirunt·
927 3387 986 3466 (3).
1023 3387 1221 3464 Quapropter
1253 3389 1322 3446 obe-

139 3472 299 3547 dientiam
332 3487 476 3564 abiicere,
509 3491 549 3562 et,
571 3505 627 3562 per
656 3489 720 3544 vim
742 3487 966 3563 multitudinis,
989 3506 1054 3545 rem
1076 3486 1113 3544 ad
1137 3487 1322 3544 seditionem

139 3591 320 3644 vocare‘est
341 3588 458 3644 crimen
480 3585 665 3656 maiestatis,
698 3603 796 3658 neque
820 3584 971 3642 humanae
996 3590 1128 3661 tantum,
1150 3583 1204 3642 sed
1226 3585 1320 3642 etiam

136 3685 283 3744 divinae.

228 3781 296 3840 Hac
316 3785 437 3842 ratione
469 3785 672 3841 constitutam
700 3784 871 3856 civitatem,
900 3784 1097 3856 perspicuum
1119 3787 1177 3856 est,
1198 3783 1325 3838 omnino

134 3881 259 3940 debere
294 3881 438 3957 plurimis
469 3883 672 3954 maximisque
705 3877 823 3954 officiis,
855 3897 933 3952 quae
965 3883 1066 3958 ipsam
1088 3883 1222 3954 iungunt
1244 3877 1320 3952 Deo,

180 4067 216 4126 (1)
232 4065 295 4130 Sap.
312 4065 359 4128 VI,
377 4067 401 4116 7.

182 4147 216 4208 (Δ)
231 4145 313 4210 Rom,
333 4145 413 4209 xm,
432 4149 455 4196 1.

183 4227 218 4289 (3)
236 4225 309 4277 lbid.
326 4227 359 4290 V,
377 4228 401 4276 2.
