3266 4896
1309 346 1361 400 138

195 471 389 554 Apostolicc
419 472 502 537 Sede
530 472 755 554 personaliter
779 472 838 535 too
859 471 912 534 ius
933 471 1229 554 impetraverint...
1265 469 1360 550 Quod

193 576 222 642 61
249 600 433 662 pravorum
456 584 558 662 atque
581 575 796 642 inimicorum
819 577 994 642 hominum
1017 577 1065 642 ita
1087 575 1293 662 perversitas
1309 576 1361 642 in-

198 683 355 769 valuerit,
379 691 419 748 ut
441 706 527 769 pura
550 682 680 748 sincera
702 690 805 767 atque
827 682 980 770 gratuita
1010 681 1082 748 fieri
1106 683 1144 748 in
1176 683 1260 748 urbe
1293 705 1360 748 non

194 789 301 876 possit
323 789 453 874 electio,
491 789 688 856 Cardinales
711 789 873 877 Episcopi
908 813 985 857 cum
1019 787 1186 874 religiosis
1218 788 1360 874 clericis,

192 896 435 980 catholicisque
470 896 575 980 laicis,
613 897 693 962 licet
728 897 854 982 paucis,
888 897 942 962 ius
976 897 1154 982 potestatis
1185 896 1360 963 obtineant

199 1004 325 1090 eligere
363 1004 565 1090 apostolicae
604 1003 701 1070 Sedis
738 1003 937 1070 Pontificem
976 1003 1033 1069 ubi
1064 1026 1248 1090 congruere
1270 1003 1372 1070 vida·

191 1110 262 1176 rint
286 1141 300 1168 a
329 1114 387 1194 (1).

284 1217 385 1284 Anno
410 1219 496 1282 1073
521 1217 707 1304 Gregorius
729 1217 800 1282 VII
823 1217 856 1284 S.
872 1217 1034 1283 Pontifex
1056 1218 1183 1284 electus
1205 1241 1247 1284 ex
1269 1240 1360 1284 more

190 1346 328 1390 suorum
371 1325 667 1410 praedecessorum
712 1325 754 1389 ad
801 1348 915 1390 omnes
953 1325 1127 1409 quaerelas
1160 1324 1362 1392 auferendas

201 1431 488 1496 confirmationem
512 1430 726 1516 imperatoris
756 1431 896 1498 Henrici
931 1432 981 1496 IV
1008 1430 1211 1516 expectavit:
1245 1438 1360 1516 postea

196 1558 277 1602 vero
298 1536 387 1602 hanc
409 1536 624 1621 disciplinam
647 1537 683 1600 in
707 1537 863 1602 futurum
886 1537 1035 1602 mutavit
1056 1537 1223 1622 abrogans
1246 1559 1361 1622 quam-

192 1665 337 1728 cumque
359 1639 592 1708 necessitatem
615 1667 768 1708 assensus
791 1643 977 1730 imperialis
1002 1646 1057 1725 (2).

280 1750 353 1814 147.
383 1749 524 1816 Saeculo
547 1749 780 1834 subsequente,
808 1773 897 1816 anno
929 1749 1066 1814 circiter
1089 1752 1176 1814 1130
1197 1751 1359 1815 Innocen-

189 1855 259 1921 tius
281 1857 320 1920 II
350 1886 365 1914 e
389 1857 553 1944 populum
575 1856 826 1942 pontificiorum
859 1856 934 1923 iure
968 1856 1196 1942 conciliorum,
1219 1855 1315 1926 cuius
1337 1881 1358 1941 a

190 1963 312 2050 primis
348 1986 455 2048 usque
489 1964 698 2050 temporibus
731 1965 774 2030 ad
808 1987 885 2030 eum
919 1987 1024 2048 usque
1061 1964 1151 2030 diem
1189 1964 1359 2050 particeps

197 2069 320 2156 fuerat,
344 2070 531 2156 expoliavit
554 2097 572 2132 ›
600 2074 654 2154 (3);
678 2079 713 2136 et
736 2073 837 2157 paulo
859 2080 935 2157 post
949 2072 1058 2137 clerus
1080 2071 1359 2138 inferiorsuffra-

188 2177 294 2263 gandi
316 2177 392 2244 iure
415 2176 485 2266 fuit
507 2177 579 2263 ipse
601 2178 767 2264 privatus,
791 2187 826 2244 at
840 2178 918 2244 solis
934 2179 1170 2245 Cardinalibus
1193 2179 1226 2245 S.
1243 2179 1358 2245 Ponti-

188 2285 261 2350 ficis
283 2285 403 2352 electio
425 2294 598 2350 reservata
619 2293 680 2351 est.

279 2392 474 2458 Alexander
496 2393 553 2457 III
575 2393 611 2458 in
634 2415 725 2459 conc.
756 2395 913 2460 Lateran.
936 2395 993 2457 ΙΙΙ
1016 2399 1170 2476 (cecum.)
1191 2417 1245 2460 an.
1271 2395 1357 2459 1179

188 2499 243 2563 ius
266 2498 437 2564 exclusive
461 2499 699 2564 Cardinalibus
721 2501 925 2566 attributum
950 2501 1164 2567 confirmavit
1200 2509 1235 2566 et
1256 2501 1356 2565 simul

188 2604 312 2670 statuit
335 2614 375 2670 ut
398 2605 427 2670 is
453 2606 544 2671 solus
567 2605 725 2672 canonice
746 2608 873 2672 electus
894 2608 1077 2673 haberetur
1098 2608 1133 2672 in
1148 2629 1247 2692 quem
1270 2608 1356 2672 duae

189 2733 232 2776 ex
255 2711 365 2777 tribus
387 2712 543 2796 partibus
566 2711 800 2778 Cardinalium
823 2713 1066 2780 consensissent
1088 2715 1145 2796 (4).

280 2818 312 2883 A
339 2819 472 2884 saeculo
494 2819 585 2884 XIII
608 2826 721 2884 autern
744 2819 781 2884 in
804 2820 966 2885 electione
993 2822 1025 2884 S.
1050 2819 1224 2888 Pontificis
1245 2844 1356 2886 serva·

260 3014 297 3080 (1)
318 3012 380 3070 cfr.
402 3015 567 3080 Carnardo,
588 3013 692 3069 Const.
711 3015 817 3086 Apost.
837 3015 873 3070 de
888 3015 1113 3086 pertinentibus
1125 3017 1162 3070 ad
1176 3017 1353 3071 electionem

187 3104 216 3159 8.
237 3103 271 3158 P.
289 3102 441 3174 synopsis.

261 3209 298 3274 (2)
318 3207 381 3263 cfr.
406 3210 497 3278 Voiyt,
517 3207 617 3262 Storia
636 3208 666 3262 di
688 3208 836 3278 Gregorio
855 3209 924 3277 VII,
945 3210 978 3266 P.
998 3211 1043 3278 ΙΙ,Ι
1059 3229 1083 3266 c.
1105 3212 1136 3267 V.

260 3298 314 3352 Iue
335 3305 436 3352 autem
451 3297 529 3368 quod
550 3297 681 3352 saeculis
699 3299 921 3369 posterioribus
939 3301 1104 3356 nonnullas
1124 3300 1264 3358 nationes
1284 3301 1355 3367 (Au-

192 3387 277 3454 stris,
299 3385 414 3449 Gallia,
434 3385 598 3456 Hispania)
626 3386 686 3441 sibi
707 3387 879 3442 tribuerunt
899 3388 1012 3442 dictum
1033 3394 1206 3458 6661661661,
1225 3396 1355 3460 6616616·

189 3483 251 3531 tem
271 3475 392 3530 scilicet
410 3475 591 3530 excludendi
618 3476 749 3548 aliquem
782 3477 966 3532 cardinalem
987 3497 1005 3532 6
1024 3495 1140 3533 summo
1167 3479 1355 3550 pontificatu,

193 3564 335 3622 Ecclesia
355 3582 507 3636 nunquam
529 3583 584 3620 666
611 3565 794 3620 auctoritate
819 3567 959 3628 sancivit,
991 3567 1063 3622 11661
1089 3585 1143 3638 pro
1162 3567 1252 3622 'bodo
1271 3569 1355 3639 66616

189 3655 356 3727 aliquando
375 3655 562 3712 toleraverit.
582 3659 684 3726 Icard,
704 3674 749 3727 66.
768 3657 819 3712 cit.
838 3657 864 3727 1,
884 3675 915 3728 p.
932 3658 991 3725 138,
1012 3665 1072 3711 661.
1091 3657 1115 3712 1.
1139 3659 1178 3712 Et
1197 3657 1287 3712 bodie
1306 3675 1354 3729 pe·

188 3745 275 3801 nitus
297 3745 439 3812 cessavit,
459 3753 492 3800 ut
512 3763 548 3800 ex
569 3763 604 3800 66
624 3753 708 3816 66161
721 3747 799 3817 quod
820 3747 931 3800 accidit
952 3748 982 3800 1'n
998 3748 1143 3802 Conclavi
1163 3765 1221 3820 quc
1240 3749 1356 3802 electus

186 3840 236 3889 661
256 3835 332 3890 Ρ166
351 3835 390 3892 Χ.

262 3944 300 4010 (3)
320 3941 384 3998 (ifr.
403 3945 534 4008 Platiae,
557 3944 601 3998 De
616 3943 690 3998 vitis
710 3943 902 4012 Pontificum,
921 3944 958 3998 ad
987 3951 1049 3999 not.
1069 3946 1100 3998 in
1115 3945 1208 4000 vitam
1228 3945 1295 4001 Inn.
1314 3947 1356 4001 11.

261 4031 387 4086 Primus
409 4031 554 4087 Pontifex
574 4040 694 4116 creatus
708 4033 775 4088 sine
794 4035 857 4089 6116
876 4034 1049 4088 interventu
1070 4034 1172 4106 666611
1192 4034 1252 4090 1611
1271 4036 1360 4092 0616·

186 4120 350 4188 61166611,
371 4119 589 4176 166666611111
610 4139 776 4177 successor.

258 4228 296 4294 (4)
316 4229 388 4298 Cap.
408 4231 496 4294 Licet,
516 4231 541 4295 6,
561 4228 597 4282 de
617 4229 724 4285 electu.
