3200 4890
331 313 388 368 898

424 437 512 502 Nota
535 435 573 501 in
597 435 1003 504 beneficiisconferendis
1026 436 1189 502 interesse
1213 458 1309 522 posse
1330 435 1504 500 simoniam

335 545 461 612 realem
485 555 520 610 et
544 543 722 610 simoniam
737 544 1027 612 ¹confidentialem.

425 651 541 717 Realis
574 649 737 718 simoniae
758 651 894 718 nomine
917 651 1012 718 venit
1034 650 1147 734 emtio,
1171 649 1327 718 venditio
1352 650 1503 732 beneficii,

335 759 496 844 utrinque
520 758 696 844 completa.
719 759 838 842 Emtic,
862 760 1012 840 cenditiq
1037 781 1116 824 nam
1139 757 1222 823 haec
1245 757 1318 824 sola
1342 763 1397 822 est
1418 756 1503 822 simo-

334 865 393 934 nia
417 865 487 931 veri
512 863 668 948 nominis
693 865 777 930 aliae
801 864 974 950 pactiones
997 887 1084 950 quae
1108 863 1301 950 emtionem,
1349 863 1504 930 venditio-

332 997 411 1040 nem
435 997 492 1040 seu
534 973 831 1040 commutationem
866 973 1018 1040 beneficii
1059 995 1121 1062 pro
1143 996 1180 1038 re
1220 971 1410 1065 temporali
1448 995 1503 1036 non

334 1081 520 1165 continent,
545 1081 615 1146 lata
638 1080 846 1146 solummodo
869 1079 1117 1165 significatione
1152 1072 1298 1146 simonia
1341 1087 1503 1145 vocantur.

343 1190 497 1274 Utrinque
519 1188 684 1274 completa
708 1185 744 1252 id
767 1195 819 1252 est
842 1187 921 1252 hinc
945 1185 1107 1252 beneficio
1123 1194 1314 1273 procurato,
1340 1186 1424 1251 hinc
1437 1187 1504 1250 dato

335 1294 456 1380 pretio.

427 1399 578 1468 Simonis
601 1403 832 1487 confidentialis
854 1401 890 1466 in
914 1423 952 1466 ao
976 1423 995 1466 a
1018 1400 1101 1468 reali
1125 1400 1244 1466 differt
1269 1404 1296 1466 1.
1325 1400 1421 1484 quod
1446 1421 1502 1464 nou

333 1518 388 1572 est
411 1505 631 1572 commutatio
653 1506 806 1572 1111111111
828 1529 890 1592 pro
913 1505 1022 1592 pretio
1049 1505 1239 1592 temporali;
1275 1529 1358 1570 oum
1398 1503 1498 1590 potius

335 1613 540 1680 hincdstur
563 1612 772 1698 beneficium,
797 1613 878 1679 hine
900 1613 991 1678 idem
1015 1613 1218 1682 beneficium
1255 1612 1398 1678 diverso
1431 1621 1501 1676 tem·

336 1743 415 1808 pore
440 1719 651 1801 restituatur;
676 1722 706 1785 2.
731 1742 815 1806 opus
837 1742 905 1785 non
944 1729 995 1789 est
1018 1727 1117 1805 pacto
1154 1719 1317 1804 utrinqne
1362 1719 1499 1805 impleto.

333 1829 460 1896 Statim
482 1825 573 1893 enim
597 1834 636 1892 ut
660 1826 861 1892 beneficium
883 1825 1070 1911 procurasti
1093 1833 1265 1892 reservato
1288 1849 1439 1909 accessu,
1457 1825 1500 1888 vel

335 1935 490 2020 ingressu
513 1940 587 2014 etc,
612 1931 754 1998 simonia
777 1932 928 2017 perfecta
950 1931 1159 2018 intelligitur
1182 1939 1216 1997 et
1239 1932 1360 2020 poenis
1385 1932 1496 1998 subest.

425 2041 500 2104 238.
519 2038 660 2121 Deinde,
685 2037 721 2105 iu
737 2059 880 2123 poenam
896 2037 1067 2122 simoniae,
1081 2045 1219 2104 cautum
1242 2044 1293 2103 est
1313 2047 1356 2103 ut
1374 2036 1501 2122 quaevis

334 2146 471 2212 collatio
494 2145 677 2212 simoniaca
703 2145 854 2211 beneficii
878 2145 923 2210 sit
946 2146 1019 2232 ipso
1042 2145 1116 2211 iure
1133 2146 1245 2212 nulla:
1281 2153 1316 2211 et
1354 2145 1497 2232 provisus

333 2255 377 2320 de
401 2277 439 2318 eo
463 2276 531 2318 non
554 2252 651 2318 modo
675 2259 831 2318 teneatur
853 2251 939 2318 illud
963 2252 1141 2318 restituere
1165 2275 1242 2317 cum
1275 2253 1350 2318 eius
1391 2250 1499 2318 fructi-

336 2362 409 2445 bus,
434 2361 492 2426 sed
514 2358 676 2424 inhabilis
700 2359 760 2424 fiat
783 2361 825 2424 ad
847 2360 937 2425 idem
961 2359 1162 2426 beneficium
1185 2383 1223 2425 ea
1247 2360 1323 2425 vioe
1358 2359 1497 2427 obtinen-

334 2469 427 2533 dum.
452 2469 505 2532 Ea
528 2469 603 2545 oica
627 2489 695 2532 non
718 2467 746 2530 si
771 2477 950 2552 postquam
974 2467 1033 2532 alii
1058 2467 1218 2532 collatum
1242 2467 1362 2552 fuerit,
1387 2467 1496 2532 iterun

337 2573 521 2640 vacaverit.
547 2573 639 2652 Quae
663 2574 777 2638 valent
800 2573 872 2640 sive
902 2575 943 2639 de
978 2572 1121 2638 simonia
1148 2573 1402 2658 „confidentiali
1437 2571 1496 2636 sire

334 2683 378 2747 de
402 2680 545 2746 simonia
567 2681 653 2744 reali
678 2683 734 2762 (1).

426 2788 482 2854 Ad
505 2787 775 2854 confidentialem
796 2787 888 2872 quod
911 2787 1036 2852 attinet
1059 2786 1170 2852 videri
1200 2796 1343 2872 possunt
1380 2783 1494 2854 consri-

335 2895 485 2960 tutiones
508 2893 561 2958 Pii
585 2893 635 2958 IV
658 2901 693 2958 et
716 2893 770 2958 Pii
794 2895 826 2960 V
850 2894 1014 2980 (Septimo
1037 2895 1180 2979 Deerat,
1205 2894 1263 2960 lib.
1290 2898 1318 2980 1,
1361 2895 1412 2960 tit.
1450 2892 1491 2956 10.

338 3005 390 3068 De
412 3003 630 3086 beneficiorum
652 3003 819 3066 collatione
841 3010 872 3066 et
892 3003 1121 3087 suspectatione,
1147 3023 1219 3088 cap.
1243 3001 1324 3084 XI).

426 3108 482 3172 Ad
505 3106 683 3174 simoniam
707 3129 954 3192 quamcumque
976 3108 1066 3192 quod
1090 3106 1223 3194 attinet,
1248 3109 1298 3174 ita
1314 3109 1438 3175 Paulus
1453 3105 1490 3185 Il,

335 3239 391 3282 an.
417 3216 512 3299 1464,
537 3237 609 3301 cap.
633 3217 664 3298 2,
687 3216 726 3279 dc
749 3215 940 3280 Simonidis
952 3223 1117 3302 eauaoaq.
1142 3236 1268 3280 camna:
1302 3245 1317 3274 ι
1341 3217 1407 3282 Per
1422 3214 1491 3278 eleo-

337 3322 445 3388 tiones
480 3343 570 3406 vere,
596 3320 849 3407 postulationes,
886 3321 1166 3406 confirmationes,
1194 3321 1413 3407 provisiones,
1443 3339 1489 3384 scu

336 3429 472 3514 quasvis
496 3427 580 3494 alias
603 3427 850 3513 dispositiones
875 3449 959 3522 quas
994 3427 1178 3494 simoniaca
1213 3429 1398 3516 contigerit
1429 3426 1489 3492 labo

335 3537 418 3622 fieri,
442 3544 476 3602 et
499 3559 584 3622 quae
608 3535 738 3602 viribus
761 3534 897 3608 omnino
928 3541 1066 3601 careant
1102 3534 1140 3600 in
1183 3535 1359 3624 Ecclesiis,
1394 3555 1487 3601 mona-

410 3771 450 3832 (1)
468 3767 607 3822 Nondum
631 3767 701 3820 dato
721 3766 827 3837 pretio,
849 3767 972 3822 collatio
992 3767 1074 3821 valet
1095 3775 1125 3822 et
1145 3783 1183 3822 ex
1213 3786 1250 3823 11
1281 3767 1400 3825 fructus
1425 3763 1487 3819 tacis

335 3863 416 3912 tuos.
437 3859 514 3910 Dato
534 3856 632 3926 pretio
653 3857 700 3910 vel
721 3855 786 3909 sius
805 3863 899 3926 parts,
920 3857 1045 3912 collatio
1067 3857 1154 3912 irrita
1182 3857 1225 3912 fit.
1256 3859 1340 3926 Quae
1373 3851 1485 3912 irritatio

338 3946 371 4002 in
389 3945 455 4000 foro
476 3951 601 3999 externo
621 3945 836 4000 retrotrahitur
856 3945 931 4000 adeo
951 3953 984 4000 ut
1005 3953 1095 4002 autea
1114 3953 1272 4017 perceptos
1291 3940 1504 4002 fructusresti·.

334 4043 422 4092 tuere
443 4034 563 4089 debeas.
584 4038 717 4100 Ptscctta,
738 4033 780 4102 II,
801 4034 1019 4092 adnantes.

410 4145 446 4210 (2)
467 4143 531 4198 Cfr.
550 4147 683 4211 Piscctto,
705 4144 736 4197 Il
757 4137 858 4198 11463
878 4149 909 4197 11
928 4161 1010 4216 seqq.
