3200 4890
1267 350 1321 406 433

224 473 252 550 ξ.
277 476 302 532 1.
324 471 441 531 Iudioio
462 473 594 530 nondum
615 473 736 549 expleto
757 474 807 532 vel
829 492 985 548 quousque
1006 480 1170 532 eoousetus
1191 473 1322 532 vinculis

144 569 303 629 detinetur
324 569 492 628 consultius
513 573 561 627 est
583 576 618 627 ut
638 569 811 628 ordinarius
832 589 899 628 sese
927 569 1083 630 contineat
1115 569 1147 628 in
1180 569 1322 630 remediis

144 667 321 744 provisoriis
342 665 535 726 adhibendis.

225 764 253 842 ξ.
275 765 303 822 2.
324 763 442 822 Iudicio
464 780 536 822 vero
556 763 699 822 absoluto.
716 781 825 838 reoque
846 763 1155 829 oonventoliberteti
1189 763 1319 836 reddito,

143 861 248 934 Curia,
270 861 358 920 iuxta
379 860 607 920 informationes
630 863 717 938 prius
738 859 861 920 habitas
884 881 1048 937 eurumque
1076 860 1208 921 indolem
1246 881 1311 938 pro-

142 959 227 1017 cedit
247 959 272 1018 si
294 977 370 1036 opus
391 957 434 1017 sit
453 957 540 1016 iuxta
562 957 681 1016 modurn
702 955 734 1015 in
757 957 812 1015 heo
833 957 1038 1022 instructione
1063 957 1295 1034 praescriptum.

673 1109 793 1172 XLIV.

224 1241 255 1300 Si
278 1240 355 1300 forte
376 1246 536 1300 ooourrant
557 1241 651 1301 dubie
672 1248 727 1300 aut
748 1241 947 1302 difficultates
972 1240 1319 1320 proetioue,.0rdinerii‚

144 1339 185 1397 ed
207 1337 350 1398 vitandos
371 1339 578 1398 contentiones
600 1345 631 1398 et
653 1340 822 1414 nullitates,
848 1347 1009 1426 reourrent
1029 1341 1068 1426 ed
1089 1340 1168 1399 hano
1189 1339 1220 1399 S.
1242 1337 1318 1429 Oen-

145 1437 367 1514 gregationem.
1023 1431 1042 1452 ⁵

415 1587 464 1646 Ex
485 1587 576 1645 And:
592 1585 680 1646 SSmi
701 1585 762 1646 diei
787 1588 822 1646 11
847 1585 939 1644 Iunii·
954 1587 1040 1646 1880.

225 1718 348 1801 SS.mns
369 1719 469 1780 Duos
491 1720 604 1782 Noster
629 1720 690 1779 Leo
712 1721 784 1780 Div.
807 1721 898 1781 Prov.
934 1721 996 1786 ΡΡ.
1019 1719 1107 1780 XIII
1140 1719 1318 1788 auditore·

144 1814 259 1875 latione
281 1819 452 1894 praesentis
473 1816 693 1877 Instructionis
714 1818 754 1876 ab
778 1817 975 1896 infrascripto
990 1817 1056 1878 Suo.
1074 1815 1224 1894 congreg.
1241 1817 1318 1896 Epi-

143 1932 299 1990 sooporum
320 1923 352 1974 et
375 1915 577 1992 Regulerium
600 1917 777 1990 Seoretario,
800 1936 865 1975 eom
883 1903 919 1976 ¹in
941 1917 1081 1976 omnibus
1103 1915 1273 1994 approbare
1287 1922 1319 1976 et

143 2011 320 2074 oonfirmore
342 2014 490 2091 dignatus
512 2015 576 2074 est
640 2029 642 2036 ⁴
1266 2027 1268 2032 ’

225 2129 339 2204 Romae
360 2147 409 2206 die
431 2151 463 2204 et
484 2165 562 2204 anno
584 2133 696 2221 ouibus
718 2165 819 2223 supro.

645 2319 670 2374 Ῠ
704 2349 730 2409 I.
754 2349 858 2429 Onne.
880 2349 1176 2436 Funerum-Praef.
1256 2325 1292 2340 „„

706 2447 793 2507 1:13.
817 2448 963 2506 Aeuozzl
987 2447 1182 2508 Secretoriue.
1290 2476 1292 2480 ¹
