3200 4890
294 269 349 326 cit

303 420 327 450 n
376 395 405 456 8.
427 395 477 454 An
500 398 543 456 sit
564 395 657 456 nulla·
681 393 837 472 susceptio
867 395 995 456 habitus
1017 395 1085 454 siue
1107 393 1241 462 Litteris
1260 393 1473 468 ‘lmtimonia-

295 493 400 552 libus?
431 543 434 547 .
788 511 789 518 ¹
831 509 834 514 “
989 508 993 516 ’
1189 511 1192 518 ’

314 623 339 644 ·’
376 611 468 690 sap.
491 609 725 686 susceptionem
742 607 885 668 'habitus
905 627 972 668 esse
995 607 1147 683 illicitam,
1169 626 1232 666 non
1255 614 1361 668 tamen
1383 611 1473 666 inva-

296 705 404 766 lidam:
425 691 665 766 Testimoniales
693 705 840 766 'Litteras
862 709 991 766 omissas
1013 708 1046 766 in
1068 701 1245 784 receptione
1268 705 1308 766 ad
1329 707 1474 766 habitum

295 807 522 882 quamprimum
545 803 730 865 obtinendas
749 801 829 882 'esse,
850 805 929 864 alias
952 803 1073 864 Novitii
1096 803 1135 862 ad
1156 803 1390 864 Professionem
1417 803 1474 862 ad-

296 903 381 960 mitti
403 883 529 962 minime
551 907 707 982 poterunt.
728 887 731 892 Δ
1035 903 1038 908 “
1472 977 1475 980 Α

377 999 405 1060 9.
426 999 540 1059 Utrum
572 1001 614 1058 sit
635 998 775 1058 invalida
805 998 963 1058 Professio
984 1001 1012 1058 si
1033 997 1089 1058 fiat
1110 1003 1238 1080 omissis·
1266 999 1472 1059 Testimoniu-

296 1097 380 1156 libus
401 1098 563 1156 Litteris?

316 1199 319 1204 '
377 1199 468 1276 Resp.
491 1195 561 1254 Non
583 1214 651 1254 esse
673 1193 854 1272 invalidam,
875 1193 930 1254 sed
952 1195 1105 1256 illicitam.

859 1381 905 1441 II.

252 1595 256 1604 '
300 1589 517 1640 Declarationea
536 1604 622 1652 super
639 1591 759 1638 Decreto
794 1588 962 1651 ‹Regulari
983 1561 1165 1654 Diaciplinue
1195 1589 1259 1639 »in
1279 1591 1364 1642 ltalia
1380 1599 1409 1640 et
1425 1593 1473 1640 In-

371 1677 447 1728 sulis
466 1677 666 1728 adiacentibus
684 1679 836 1729 servando.

380 1871 406 1930 1.
430 1871 463 1930 Si
487 1871 634 1948 Superior
645 1871 810 1931 Generalis
822 1873 953 1930 alicuius
970 1867 1108 1946 Ordinis,
1130 1873 1164 1930 in
1184 1889 1252 1946 quo.
1265 1872 1473 1950 provinciales

297 1989 357 2028 non
380 1969 564 2046 habeantur,
597 1970 639 2028 sit
661 1969 768 2030 eodem
793 1977 931 2047 tempore
954 1969 1102 2042 Superior
1123 1968 1312 2046 Conventus,
1335 1989 1392 2028 seu
1412 1969 1472 2028 Do·

298 2085 366 2125 mus
389 2065 580 2143 Novitiatus,
602 2067 751 2142 quomodo
772 2086 934 2144 segersre
956 2065 1070 2125 debeat
1085 2065 1233 2142 Superior
1253 2069 1321 2143 ipse
1343 2069 1376 2126 in
1400 2087 1472 2144 per-

296 2163 428 2223 ficiendo
450 2165 549 2240 primo
570 2165 745 2224 scrutinio?

378 2263 468 2342 Reap.
482 2259 630 2338 Superior
650 2261 817 2325 Generalis
828 2261 959 2338 deputet
979 2259 1018 2318 ad
1040 2259 1195 2338 effectum,
1216 2262 1254 2320 de
1276 2281 1335 2337 quo
1356 2265 1471 2340 agitur,

296 2359 426 2435 probum
448 2364 480 2416 et
502 2358 646 2418 idoneum
668 2359 872 2436 Religiosum,
894 2365 926 2417 et
947 2379 1010 2417 uua
1030 2377 1100 2418 cuni
1120 2362 1324 2436 praescriptis
1345 2360 1472 2418 Exami-

297 2455 459 2514 natoribus
481 2458 614 2531 primum
636 2457 821 2514 scrutinium
842 2453 992 2532 perficiat.

261 2565 262 2569 ’
377 2557 406 2614 2.
429 2555 461 2613 Si
485 2561 539 2612 aut
560 2573 616 2630 per
637 2554 766 2628 obitum,
786 2560 841 2612 aut
861 2573 918 2630 per
940 2557 1216 2632 renunciationem,
1238 2561 1293 2614 aut
1314 2555 1377 2614 alia
1392 2576 1471 2631 qua-

296 2673 426 2728 cumque
448 2671 540 2712 causa
562 2671 709 2712 numerus
740 2653 997 2711 Examinatorum
1029 2653 1276 2731 provincialium,
1298 2654 1348 2714 vel
1376 2674 1470 2732 geue-

298 2751 409 2810 ralium
432 2754 464 2808 in
486 2756 585 2827 parte,
606 2749 657 2810 vel
677 2751 771 2808 etiam
794 2749 935 2810 totaliter
955 2747 1090 2827 deficiat,
1112 2768 1169 2809 nec
1190 2756 1313 2828 tempus
1334 2752 1470 2810 celebra-

297 2849 394 2905 tionis
415 2847 562 2924 Capituli,
584 2847 634 2906 vel
655 2846 767 2906 Dictae
788 2847 962 2924 advenerit,
983 2847 1133 2922 quomodo
1154 2845 1194 2906 ad
1216 2849 1395 2908 eorumdem
1430 2849 1469 2907 Ε-

297 2947 526 3002 xaminatorum
547 2943 730 3003 electionem
751 2943 978 3020 procedendum
1000 2943 1082 3003 orit?

379 3045 469 3120 Reap.
492 3041 641 3100 Servetur
656 3035 825 3120 methodus
857 3045 890 3100 in
922 3041 1057 3100 Decreto
1094 3045 1242 3122 Rapulari
1276 3045 1468 3124 De'scr'pliane

300 3143 372 3215 (art.
393 3138 447 3199 ΙΙΙ
469 3145 502 3199 et
522 3138 569 3200 IV
592 3143 625 3198 in
646 3139 719 3218 fine,
740 3146 773 3199 et
793 3147 852 3201 art.
875 3139 942 3202 VII
974 3143 1097 3218 primae
1127 3142 1242 3219 partia)
1273 3145 1466 3219 praescripta

297 3257 353 3315 pro
374 3237 523 3296 electione
545 3237 810 3315 Examinatorum,
831 3240 884 3312 qui
906 3237 1041 3314 eligendi
1056 3241 1147 3297 erant
1162 3241 1270 3297 statim
1286 3245 1358 3315 post
1372 3239 1465 3298 latum

297 3337 379 3396 idem
401 3335 577 3412 Decretum,
599 3341 726 3394 etanta
758 3335 997 3394 celebrationem
1032 3339 1170 3412 proximi
1187 3335 1289 3394 futuri
1321 3336 1465 3414 Capituli,

296 3435 348 3493 vel
369 3434 490 3492 Dictae:
513 3433 751 3492 Examinatores
772 3435 816 3491 sic
838 3434 930 3492 electi
950 3436 983 3492 in
1006 3432 1103 3493 officio
1125 3433 1297 3510 perdurent
1317 3435 1466 3510 usquead

295 3533 537 3592 celebrationem
559 3533 692 3607 proximi
714 3529 862 3608 Capituli,
883 3531 934 3590 vel
954 3531 1075 3590 Dictae.
1092 3530 1179 3605 Quae
1194 3531 1360 3590 methodus
1374 3535 1466 3592 etiam

299 3635 441 3688 servetur
461 3627 583 3704 quando
605 3647 643 3686 ex
665 3627 695 3687 S.
718 3627 809 3686 Sedis
830 3628 1063 3704 dispensatione
1096 3627 1250 3705 Capitula,
1276 3628 1327 3688 vel
1358 3629 1466 3688 Dictae

297 3745 358 3783 non
374 3725 582 3801 celebrantur,
604 3729 636 3782 et
658 3723 768 3782 electio
801 3723 1001 3807 Superiorum
1027 3743 1084 3800 per
1114 3723 1281 3784 Decretum
1304 3723 1335 3786 S.
1370 3723 1466 3802 Sedis,

298 3822 348 3880 vel
369 3841 425 3898 per
447 3821 576 3880 schedas
601 3819 666 3879 fiat.

304 3938 314 3949 ”
378 3923 406 3980 3.
429 3921 467 3978 In
489 3917 647 3993 aliquibus
669 3919 833 3977 institutis
854 3918 999 3996 Capitula
1020 3919 1221 3995 provincialia
1249 3919 1410 3980 ordinarie
1423 3939 1467 3979 ce·

298 4019 461 4078 lebrantur
493 4035 587 4092 prope
610 4014 704 4074 finem
736 4019 875 4094 triennii,
897 4024 930 4075 et
958 4019 991 4075 in
1026 4019 1296 4093 praeparationem
1332 4015 1467 4094 Capituli
1563 4037 1564 4054 ¹

294 4115 463 4193 generalis,
484 4115 560 4188 quin
582 4116 715 4190 inipsis
737 4111 873 4191 eligatur
899 4116 1051 4192 Superior
1069 4113 1280 4190 provincialis.
1313 4113 1468 4190 Quomodo
