3200 4890
293 333 348 388 386

385 460 415 522 3.
442 455 615 524 Privatio
656 454 766 523 vocis
791 454 943 523 activae
969 461 1009 522 et
1033 452 1228 540 passivae.
1258 452 1481 544 Vonactioo

294 571 346 631 est
368 563 422 628 ius
445 562 482 626 in
505 560 655 648 oapiiulo
679 560 828 646 eligendi
867 567 901 626 ei
924 557 1136 640 decernenda
1161 579 1225 624 oea
1259 559 1398 643 passiva
1425 562 1481 620 esi

294 669 440 736 iuridioa
463 668 624 734 habilitas
647 675 686 732 ui
709 666 785 752 quis
809 667 915 757 possit
931 665 1013 752 eligi
1036 666 1079 732 ad
1104 665 1228 748 munia,
1248 664 1292 729 ad
1309 663 1428 730 offioia
1445 669 1481 726 et

296 777 339 843 ad
362 774 524 842 beneficia
548 773 774 840 ecelesiasiioa
797 783 808 856 (
833 780 853 856 ).

386 884 526 963 Quando
541 905 622 968 ergo
637 881 760 966 aliquis
785 903 865 947 vooe
889 881 1002 946 activa
1019 888 1053 946 ei
1069 879 1203 964 passiva
1221 878 1389 964 privatur,
1412 901 1479 942 neo

295 991 376 1056 dare
406 1013 467 1056 neo
490 989 618 1056 referre
642 988 846 1075 suffragium
871 994 990 1074 poiesl;
1031 995 1212 1072 antequam
1253 995 1369 1050 tamen
1395 984 1479 1069 quis

294 1103 452 1162 teneaiur
474 1097 608 1162 subesse
631 1095 739 1160 eidem
764 1117 899 1180 poenae,
930 1080 1303 1179 requiritur-sententia
1323 1093 1481 1157 deelara-

294 1204 392 1288 ioria,
417 1211 558 1288 exoepio
584 1225 663 1266 nasu
687 1200 840 1266 oriminis
864 1199 992 1288 publioi
1016 1208 1051 1272 ei
1074 1199 1199 1266 notorii
1225 1203 1285 1282 (2).
1344 1269 1350 1274 ,

384 1312 414 1375 4.
440 1309 648 1395 Depositio
688 1315 738 1373 esi
770 1330 873 1394 poeno
908 1309 1121 1374 eeclesiastico
1155 1328 1220 1394 quo
1255 1307 1401 1372 slavicae
1445 1307 1480 1368 ia

288 1425 483 1504 perpetuum
502 1419 658 1502 privatur
679 1437 740 1480 usa
758 1417 925 1500 potestatis
945 1423 1012 1480 ium
1036 1415 1172 1496 ordinis,
1199 1422 1265 1478 inm
1289 1403 1479 1478 insidiatio-

295 1511 582 1608 uis‚'omniboeque
604 1523 759 1606 benefieiis
781 1543 836 1586 uec
867 1543 932 1599 noa
955 1523 1042 1586 omui
1065 1524 1136 1586 iure
1159 1523 1205 1586 od
1238 1520 1390 1606 beneficia
1420 1541 1477 1584 oo-

296 1631 363 1693 iide
383 1629 581 1713 possidenda
604 1628 661 1708 (3).

386 1737 416 1798 5.
442 1731 681 1818 Degradatio
706 1739 757 1796 esi
775 1753 880 1818 poeno
904 1754 985 1816 quoe
1010 1733 1163 1796 clericum
1182 1740 1341 1818 perpetuo
1359 1733 1482 1817 privat

296 1842 504 1906 eeclesiastico
527 1841 712 1921 ministerio,
737 1840 836 1924 officio
859 1847 889 1904 ei
911 1841 1053 1926 beneficio
1076 1841 1184 1925 etipsa
1204 1841 1273 1926 sori
1298 1847 1325 1903 et
1341 1840 1480 1904 canonis

293 1949 461 2033 pliviieqio
485 1948 544 2029 (4),
568 1955 604 2010 ut
620 1955 792 2034 praeterea
815 1949 943 2012 bruolio
966 1949 1129 2012 soeculari
1152 1948 1305 2012 troduini·
1329 1950 1389 2030 (ὅ),
1407 1947 1477 2012 solo

297 2054 486 2118 remoueude
507 2055 691 2118 charactere
714 2054 837 2117 ordinis
851 2055 1019 2130 indelebili.

387 2162 417 2224 6.
443 2159 615 2227 Privatio
641 2159 868 2244 sepulturae
894 2159 1206 2227 ecclesiasticae.
1242 2159 1390 2224 Nomine
1429 2182 1477 2225 ec-

296 2269 491 2335 clesiastieae
513 2269 704 2353 sepultarae,
729 2289 795 2332 non
819 2273 953 2332 lanium
978 2269 1070 2334 loeus
1094 2290 1197 2349 saner,
1223 2290 1344 2332 verum
1369 2268 1477 2334 eiiam

297 2373 444 2460 pulsatio
483 2395 733 2457 campanarum,
759 2373 888 2458 missae,
925 2373 1059 2458 aliaque
1094 2373 1219 2439 similia
1242 2373 1278 2438 in
1317 2374 1478 2440 Ecclesia

297 2480 464 2546 oaiholioa
487 2502 548 2564 pro
571 2479 742 2544 defunoiis
764 2479 838 2546 fieri
862 2488 1021 2546 oonsueia
1057 2480 1311 2568 inlelliguuium
1334 2491 1476 2568 propie-

297 2610 355 2652 rea
378 2585 432 2683 oui
472 2585 682 2671 prohibitum
705 2610 811 2651 uuum
843 2596 903 2653 aut
927 2588 1139 2674 permissum,
1164 2597 1198 2652 ei
1222 2590 1372 2666 alierum
1396 2612 1473 2676 per·

298 2693 438 2758 missum
463 2700 522 2757 aul
546 2692 755 2778 prohibitum
778 2717 849 2759 esse
873 2701 1030 2760 oenseiur
1055 2695 1114 2778 (6).

368 2910 409 2978 (1)
429 2907 567 2961 Privatio
586 2908 670 2962 vonis
691 2908 831 2984 passivae
852 2908 896 2962 ita
923 2916 1024 2963 tamen
1057 2909 1263 2980 intelligenda
1297 2931 1312 2961 ‹
1331 2917 1369 2963 ui
1399 2909 1473 2980 eligi

296 2997 442 3069 quianon
475 2998 573 3066 possin
592 2998 629 3050 ad
649 2996 748 3052 officia
781 2998 904 3051 honoris
929 3005 959 3051 ei
980 2999 1233 3068 praeminentiam
1253 3017 1323 3052 nam
1342 2999 1383 3052 ad
1409 3013 1474 3053 mu-

194 3089 195 3092 ’
297 3105 371 3142 nera
396 3103 525 3140 onerose
544 3087 618 3157 eligi
645 3088 765 3157 poterit,
786 3095 820 3140 ut
840 3088 878 3142 ad
899 3087 1030 3144 officium
1051 3089 1184 3154 lectoris,
1208 3089 1367 3156 sacristae,
1390 3107 1475 3144 oeco-

297 3176 388 3241 nomi,
409 3176 547 3244 magistri
564 3177 748 3230 novitiorum
770 3200 794 3228 ›.
814 3177 906 3231 Sanus
927 3177 1008 3232 enim
1028 3195 1097 3232 rens
1120 3179 1308 3232 commodum
1339 3186 1473 3249 reporta-

295 3281 328 3319 re
349 3270 451 3334 posset
472 3281 508 3316 ex
528 3281 582 3318 suo
603 3265 723 3320 delicto.
744 3263 805 3319 cfr.
828 3269 969 3320 Theseus.
992 3266 1024 3320 P.
1047 3265 1070 3332 1,
1091 3283 1133 3320 ar.
1150 3267 1194 3333 29,
1215 3285 1241 3337 q.
1264 3259 1324 3322 ΙΙΙ.

366 3371 404 3442 [2)
427 3369 488 3426 Ofr.
507 3370 575 3425 Lib.
597 3369 619 3434 1,
641 3371 759 3426 Deerat.
774 3371 821 3426 tu.
837 3372 887 3438 Vl;
901 3374 1049 3438 Ferraria,
1065 3391 1090 3427 v.
1105 3375 1167 3428 Lau
1179 3391 1219 3427 ar.
1239 3374 1265 3440 2,
1281 3392 1308 3428 n.
1322 3376 1368 3442 25,
1389 3394 1471 3448 seqq.

369 3463 408 3532 (3)
429 3463 542 3516 Eadem
575 3461 638 3515 fere
668 3462 797 3516 crimina
817 3481 869 3532 pro
893 3463 1084 3518 decernenda
1104 3464 1296 3534 depositione
1316 3468 1470 3521 Auctores

278 3583 280 3588 ·
296 3550 459 3616 adducunt,
481 3566 557 3619 quae
578 3550 655 3602 alias
675 3549 788 3620 requiri
810 3551 974 3604 creduntur
986 3569 1039 3621 pro
1054 3551 1196 3608 beneficii
1210 3552 1396 3624 privatione.
1412 3553 1472 3612 cu.

295 3639 429 3706 Aioi-ner,
449 3638 468 3691 l.
489 3655 521 3706 c.;
542 3640 651 3706 Deuoii,
672 3639 695 3706 I,
715 3646 788 3693 sect.
807 3639 859 3706 IV,
879 3637 898 3710 ξ
920 3640 1041 3694 ΧΧΙΙΙ.

367 3743 403 3809 (4)
424 3745 610 3813 Degradatio
638 3762 696 3798 non
725 3743 878 3812 infligitur
907 3763 944 3798 ex
971 3746 1112 3800 omnibus
1135 3747 1383 3830 criminibuased
1408 3756 1471 3803 tan·

296 3838 361 3888 tum
381 3849 417 3885 ex
436 3833 640 3902 gravioribus.
668 3835 777 3901 Deooda',
797 3834 817 3890 l.
838 3852 864 3887 o.
882 3839 912 3888 ei
931 3836 1063 3903 Aicuner,
1084 3835 1104 3890 l.
1122 3853 1147 3890 o.

369 3937 407 4006 (ὅ)
427 3938 527 3992 Hodie
548 3939 586 3992 ob
606 3945 774 4009 temporum
795 3939 1000 3994 conditionem
1023 3946 1169 3994 mutatam
1189 3958 1249 3996 non
1269 3942 1471 4013 ampliustra·

295 4028 327 4082 di
348 4033 449 4099 potest
467 4028 610 4082 alarinum
630 4029 838 4099 degradatum,
866 4029 968 4083 auriae
989 4031 1149 4087 saeculari.

367 4136 408 4208 (6)
428 4137 617 4205 Barusfaldi,
643 4138 756 4193 Comm.
776 4138 814 4191 ad
838 4135 897 4192 uit.
917 4155 989 4191 rom.
1011 4137 1060 4193 tit.
1079 4139 1124 4205 34,
1146 4156 1173 4194 n.
1193 4139 1221 4193 4.
1240 4138 1381 4194 Privatio
1401 4115 1471 4195 eool.

296 4225 483 4296 sepulturae,
512 4231 633 4296 praeter
664 4243 822 4280 censuram
855 4225 1176 4282 excommunicationis
1196 4234 1242 4281 est
1263 4227 1360 4282 veluti
1381 4227 1470 4283 unica
