3200 4890
232 335 245 360 ⁴
299 327 355 384 sio

299 454 505 539 superiorem
550 454 692 518 iudicem
739 454 868 518 raucae
902 451 1113 538 procamium
1157 451 1249 516 illati
1296 453 1350 517 vel
1400 452 1486 538 iufe-

300 561 397 626 readi
421 565 430 646 l
455 563 475 642 ).

390 666 587 752 Appellatio
610 673 662 732 est
683 667 865 751 iudicialis,
889 666 944 731 vel
960 665 1242 731 emireiudicialia.
1267 662 1417 730 Dicitur
1440 667 1488 730 ira

299 773 428 840 dictatis
451 773 586 858 quando
621 780 825 859 provocatur
855 771 899 838 ab
922 779 1001 838 actu
1024 769 1177 838 iudiciali
1200 767 1336 838 scilicet
1360 795 1382 836 a
1413 794 1489 836 sen-

299 879 409 946 tentia
432 879 486 946 vel
509 879 629 946 iudicis
652 879 797 962 decret03
820 879 1095 946 extruiudioiclc's
1115 877 1248 964 quando
1272 887 1491 962 provocatur

300 1008 320 1052 a
344 987 503 1052 mandato
525 985 645 1072 quovis
668 987 724 1052 vel
747 987 789 1052 ab
812 992 890 1052 actu
915 984 1091 1072 regiminis
1115 983 1334 1050 ecclesiasiici
1360 991 1488 1070 utpote

300 1093 478 1160 adscreto
511 1091 673 1178 Episcopi
704 1115 806 1178 super
833 1091 1105 1178 praesentatione
1139 1091 1194 1156 vel
1217 1089 1406 1158 collatione
1434 1091 1489 1156 be-

299 1197 423 1266 neficii.
459 1277 461 1282 Ι

390 1307 512 1372 Omnes
536 1305 725 1390 generatim
740 1307 786 1388 (2)
804 1311 946 1390 possunt
963 1303 1136 1390 appellere
1157 1302 1215 1388 qui
1239 1302 1360 1388 aliquo
1383 1305 1490 1372 modo

299 1435 335 1478 se
358 1419 518 1498 gravatos
552 1419 669 1477 contra
703 1411 756 1476 ius
788 1433 848 1496 per
876 1409 1078 1476 sententiam
1102 1410 1254 1476 sentiunt
1278 1410 1336 1474 vel
1361 1432 1429 1496 per
1453 1435 1488 1476 se

299 1520 354 1585 vel
376 1542 438 1605 per
460 1525 712 1604 procuratorem
748 1525 783 1583 et
810 1518 912 1584 etiam
936 1539 1081 1602 quorum
1104 1517 1246 1582 interest
1269 1517 1488 1584 sententiam

299 1623 490 1691 reformari.
1382 1639 1385 1645 ·

388 1729 580 1816 Legitimos
614 1729 768 1815 superior
790 1729 834 1794 ad
857 1752 957 1816 quem
982 1728 1145 1814 appellari
1170 1735 1281 1812 potest
1303 1729 1489 1796 ordinario

299 1844 351 1903 est
374 1837 557 1922 proximus,
581 1859 658 1909 non?
673 1859 753 1903 vero
777 1837 954 1922 mediatus,
979 1836 1101 1902 omisso
1124 1834 1234 1900 medio
1258 1837 1315 1916 (3).

389 1946 507 2009 Potest
539 1951 654 2010 tamen
677 1968 697 2010 a
720 1967 930 2030 quocumque
953 1943 1064 2009 iudice
1087 1942 1252 2029 appellari
1276 1943 1319 2008 ad
1346 1943 1486 2029 Papam

299 2059 334 2116 et
356 2051 435 2116 hino
459 2052 628 2117 etiamad
652 2052 939 2138 Congregationes
964 2073 1119 2116 romanas
1142 2049 1276 2115 nomine
1301 2057 1337 2115 et
1362 2060 1486 2116 aucto-

298 2157 401 2223 ritate
424 2157 599 2224 Pontificis
622 2158 812 2224 iudicantes
836 2161 893 2241 (4).

299 2354 350 2408 lib.
373 2356 396 2424 l,
417 2355 464 2408 tit.
489 2357 525 2410 de
544 2359 576 2409 ia
595 2359 740 2426 integrum
762 2360 953 2422 restitutione
969 2357 1057 2425 Lapa,
1077 2361 1148 2410 tom.
1167 2353 1191 2419 Ι,
1212 2371 1240 2406 n.
1259 2353 1312 2406 652
1333 2360 1366 2406 et
1398 2370 1491 2426 seqq.

302 2445 421 2498 Pichter
441 2445 471 2497 iu
493 2444 542 2498 tit.
562 2443 607 2498 De
628 2443 738 2514 appell.
756 2447 921 2515 Zallr'nper.
942 2444 972 2497 in
994 2445 1061 2498 eod.
1080 2443 1127 2496 tit.

375 2553 414 2620 (1)
435 2551 509 2604 Cum
530 2551 735 2622 appellatione
756 2569 815 2605 non
830 2561 877 2606 est
891 2550 1106 2606 confundenda
1124 2554 1238 2616 relatio,
1253 2565 1331 2621 quae
1350 2556 1401 2602 est
1414 2567 1490 2604 con·

298 2639 425 2695 sultatio
446 2658 463 2692 a
483 2639 582 2694 iudice
603 2638 741 2693 inferiori
762 2641 855 2694 missa
875 2622 969 2696 8an
990 2639 1034 2710 P.‚
1055 2649 1087 2692 ut
1108 2639 1234 2692 dubium
1254 2637 1331 2692 iuris
1352 2655 1488 2692 causam

298 2729 431 2799 aliquam
452 2729 632 2798 pendentem
653 2729 813 2798 attingens
834 2717 1017 2784 auctoritate
1038 2747 1092 2784 sua
1112 2728 1255 2782 resolvat.

369 2817 564 2872 Relationem
596 2835 670 2872 usus
702 2817 798 2872 hodie
827 2819 909 2872 haud
939 2817 1084 2890 frequens
1109 2831 1164 2879 est,
1184 2835 1274 2889 quum
1296 2817 1486 2876 innumerae

297 2905 374 2960 iuris
394 2907 588 2978 quaestiones
619 2907 668 2961 vel
689 2925 725 2961 ex
746 2908 928 2962 authentica
949 2909 1009 2962 vol¹
1027 2926 1064 2962 ex
1089 2905 1190 2962 usuali
1219 2906 1486 2977 interpretatione

295 2997 373 3051 satis
391 2996 509 3050 solutae
529 2996 654 3050 fuerint.
674 2995 735 3050 cfr.
756 2999 930 3059 Lombardi.
951 2997 1009 3063 111,
1030 3015 1057 3067 p.
1075 2997 1136 3053 230.

369 3105 409 3182 (2)
429 3105 641 3159 Excluduntur
661 3123 678 3158 a
698 3103 846 3159 beneficio
866 3105 1085 3176 appellationis
1105 3105 1137 3171 a)
1155 3113 1351 3162 contumaces
1381 3109 1486 3166 donec

295 3193 573 3264 obtemperaverint
603 3193 714 3248 iudicis
734 3193 887 3256 citationi;
924 3194 953 3262 b)
983 3194 1030 3249 illi
1051 3200 1155 3248 contra
1175 3211 1250 3265 quos
1270 3203 1334 3250 tres
1355 3203 1486 3253 seuten-

211 3357 212 3360 ,
294 3281 357 3336 tiae
377 3283 408 3335 in
429 3282 534 3336 eadem
562 3299 655 3336 causa
685 3282 820 3352 prolatae
841 3290 914 3336 sunt
932 3282 1125 3350 conformes;
1154 3283 1181 3351 c)
1212 3283 1266 3355 qui
1285 3287 1484 3342 seutentiam

295 3370 501 3442 approbarunt
521 3370 569 3424 vel
589 3369 788 3441 appellationi
809 3371 1036 3437 renuntiarunt
1057 3371 1092 3438 d)
1110 3371 1301 3426 iudicialiter
1321 3374 1481 3430 confessis

295 3467 348 3514 aut
369 3459 518 3514 convictis
538 3478 591 3532 per
611 3459 807 3528 evidentiem;
826 3461 851 3528 e)
872 3460 990 3514 notorie
1011 3459 1185 3514 criminosi.
1205 3460 1268 3516 ou.
1289 3465 1392 3530 Icurd,
1414 3465 1436 3519 l.
1458 3484 1482 3520 c.

295 3566 324 3603 n.
344 3550 407 3602 699.
1079 3545 1081 3570 ³
1387 3545 1389 3552 ’

367 3655 406 3724 (3)
426 3655 507 3711 Tria.
527 3673 602 3712 sess.
619 3656 723 3723 XXII,
745 3675 768 3710 c.
788 3657 812 3722 7,
833 3655 869 3710 de
889 3655 945 3711 ref.
965 3663 995 3710 et
1015 3673 1090 3712 sess.
1109 3655 1223 3723 XXIV,
1246 3675 1269 3713 c.
1287 3659 1325 3713 20
1344 3659 1382 3714 dc
1402 3661 1463 3716 ref.

368 3743 535 3798 Praeteriri
555 3751 657 3815 potest
670 3745 782 3815 gradus
798 3744 1011 3812 intermedius,
1023 3746 1143 3817 quando
1156 3745 1248 3800 iudex
1269 3745 1480 3806 intermedius

295 3831 400 3886 factus
434 3832 475 3886 sit
500 3833 649 3888 inhabilis
680 3833 745 3889 sive
779 3833 911 3906 positive
942 3836 1008 3889 siue
1043 3835 1208 3891 moraliter.
1231 3834 1294 3890 cfr.
1314 3841 1410 3905 santa
1432 3841 1481 3896 tit.

296 3922 446 3990 XXVIII,
467 3941 497 3978 n.
511 3924 537 3978 9.

374 4030 414 4100 (4)
437 4029 617 4101 Exemplum
647 4030 724 4086 varii
744 4030 834 4098 modi,
854 4048 913 4102 quo
932 4005 1100 4112 temporum
1120 4037 1151 4085 et
1169 4031 1304 4086 locorum
1325 4034 1482 4090 varietate

295 4117 513 4190 appellationis
532 4119 580 4176 ius
604 4119 636 4173 iu
657 4127 758 4174 actum
778 4120 939 4175 deducitur
959 4126 1043 4190 patet
1063 4135 1099 4176 ex
1119 4119 1179 4174 litt.
1199 4123 1301 4177 Trans
1316 4125 1482 4194 Oceanum,

300 4209 344 4272 18⁴
368 4209 442 4278 Apr.
474 4207 551 4276 1897,
583 4225 658 4282 quas
690 4209 787 4264 edixit
818 4212 874 4265 Leo
900 4209 989 4265 XIII
1006 4209 1112 4281 quoad
1146 4209 1325 4292 Amerinam
1345 4212 1479 4269 latinam
