3234 4902
670 636 690 711 e
712 631 779 696 111.

415 778 455 825 De
476 776 538 826 iure
559 776 726 839 possidendi
747 784 775 825 et
793 775 1026 826 administrandi.

225 971 278 1035 63.
305 972 366 1052 Ius
387 971 581 1054 possidendi
604 968 779 1034 descendit
799 977 839 1034 ut
861 969 1077 1036 corollarium
1092 994 1134 1035 ex
1149 970 1251 1036 dictis
1266 971 1318 1038 de·

134 1085 259 1143 nstura
274 1077 458 1143 Ecclesiae.
477 1076 512 1142 Si
537 1076 626 1142 enim
653 1075 807 1142 Ecclesia
830 1085 880 1142 est
903 1075 1044 1142 societas
1067 1078 1229 1164 perfecte,
1254 1077 1319 1144 ius-

132 1184 237 1250 habet
260 1184 303 1250 ad
328 1205 424 1250 suam
462 1182 752 1249 conservationem
775 1191 810 1249 et
831 1183 1085 1270 perfectionem,
1109 1183 1252 1270 ideoque
1274 1193 1320 1250 et

134 1293 178 1358 ad
202 1291 313 1357 media
348 1292 537 1358 necessaria
568 1289 721 1357 adhunc
756 1292 1046 1357 conservationem
1069 1301 1104 1357 et
1127 1292 1307 1378 perfectio·

133 1421 223 1466 nem.
258 1398 366 1484 Atqui
392 1400 478 1466 bona
505 1397 707 1485 temporalis
741 1400 930 1466 necessaria
953 1407 1033 1465 sunt
1067 1401 1110 1465 ad
1134 1421 1309 1466 conserva-

133 1505 262 1572 tionem
278 1513 313 1570 et
330 1505 575 1593 perfectionem
587 1505 761 1572 Ecclesiae
787 1505 868 1590 quia
891 1506 963 1572 sine
985 1505 1069 1592 ipsis
1092 1505 1209 1572 haberi
1240 1527 1309 1574 non

134 1619 276 1700 possunt
299 1611 457 1696 ministri,
482 1613 594 1678 cultus
617 1619 652 1677 et
675 1611 837 1698 regimen,
866 1635 947 1698 ergo
962 1621 1025 1678 etc.
1051 1615 1105 1696 (1).
1129 1614 1220 1680 Hinc
1235 1635 1309 1700 pro·

133 1719 264 1806 scripta
288 1718 355 1784 luit
378 1719 416 1784 in
439 1719 525 1805 Syll.
549 1743 569 1784 a
592 1717 654 1784 Pio
677 1719 731 1784 IX
755 1741 849 1805 prop.
873 1720 997 1784 XXVI
1027 1751 1040 1778 ι
1065 1720 1217 1786 Ecclesia
1241 1743 1309 1787 non

133 1825 238 1894 habet
260 1826 418 1892 nativum
442 1849 481 1892 ac
504 1825 696 1911 legitimum
719 1825 773 1891 ius
788 1826 984 1912 acquirendi
1003 1849 1042 1892 ac
1066 1827 1307 1913 possidendi».

226 1933 273 1996 Et
296 1932 438 1998 traditio
461 1933 524 1998 hoc
552 1931 605 1997 ius
640 1931 818 1998 confirmat
839 1941 879 1997 ut
902 1932 1036 1999 eruitur
1057 1957 1099 2000 ex
1122 1935 1194 2000 Act.
1219 1935 1308 2020 Apo-

133 2048 176 2106 εἰ.
199 2041 262 2123 IV,
287 2042 341 2122 34,
366 2043 430 2121 353
454 2062 516 2105 nec
539 2061 607 2105 non
630 2063 672 2104 ex
695 2039 781 2104 actis
804 2040 844 2106 B.
869 2040 1047 2106 Laurentii
1071 2042 1243 2127 martyris,
1269 2049 1322 2108 ut>

133 2155 296 2212 narratur
335 2147 372 2211 in
396 2169 548 2212 sermone
586 2146 619 2212 S.
638 2146 760 2213 Leonis
784 2148 830 2212 M.
853 2146 891 2212 in
913 2147 1020 2212 natali
1052 2149 1085 2214 S.
1118 2147 1310 2214 Laurentii.

133 2255 205 2321 Nec
228 2254 321 2319 dicas
345 2278 387 2319 ex
410 2253 463 2319 his
486 2252 651 2340 exemplis
674 2254 783 2319 solum
805 2253 927 2318 deduci
943 2276 1038 2339 posse
1062 2254 1148 2320 bona
1173 2263 1309 2322 tantum

134 2360 274 2428 mobilia
297 2359 502 2447 possedisse3
529 2382 597 2426 non
620 2359 744 2426 desunt
767 2361 856 2426 enim
880 2369 1099 2428 monumenta
1120 2345 1165 2428 ¹er
1185 2363 1309 2448 quibus

134 2447 345 2535 sufficienterl
367 2476 499 2534 constet
537 2467 640 2533 etism
664 2489 766 2554 super
799 2467 987 2534 immobilia
1028 2469 1180 2536 Ecclesit.
1202 2470 1308 2536 domi-

133 2575 231 2642 nium
254 2575 420 2641 habuisse.
447 2573 633 2661 Colligitur
655 2599 696 2640 ex
719 2573 817 2660 epist.
842 2574 974 2642 Urbani
1000 2575 1113 2661 Papae
1147 2582 1213 2658 (an.
1231 2579 1321 2662 mu

134 2705 208 2769 cap.
235 2686 275 2764 1;
308 2689 343 2748 et
378 2683 525 2748 hebetur
546 2682 584 2746 in
609 2680 720 2767 capite
744 2683 765 2745 4
793 2709 811 2743 «
841 2683 977 2748 Videute
1002 2709 1020 2744 s
1046 2683 1128 2768 XII,
1154 2707 1186 2768 q.
1210 2685 1229 2748 I
1253 2687 1308 2767 (2).

133 2791 224 2855 Item
241 2813 283 2854 ex
307 2787 450 2874 epistola
476 2787 692 2874 imperatoris
718 2787 927 2854 Constantini
949 2787 992 2852 ad
1016 2787 1184 2854 Aulinum
1207 2789 1309 2854 Prae-

134 2895 265 2961 fectum
304 2895 395 2960 cirea
433 2894 685 2960 restitutionem
723 2894 897 2960 Ecclesiae
926 2893 1117 2960 faciendam
1157 2895 1309 2962 omnium
1348 2905 1351 2912 '

135 3003 298 3069 bonorum
322 3025 409 3087 quae
431 3003 475 3068 ab
497 3001 571 3087 ipsa
595 3001 728 3068 sublata
752 2999 847 3066 fuere
871 3007 881 3083 (
908 3007 927 3084 ).

216 3111 263 3168 64.
286 3107 363 3166 Neo
386 3104 540 3166 obiicias
562 3127 631 3166 cum
653 3109 783 3188 Bclpeui
812 3107 937 3166 etaliis
959 3109 1038 3166 bona
1060 3107 1236 3168 materialia
1258 3129 1307 3168 su·

133 3208 209 3266 biici
230 3225 286 3283 per
307 3225 340 3264 se
363 3207 506 3264 societati
528 3205 614 3264 civili
636 3203 764 3278 ideoque
786 3206 928 3263 imminui
951 3208 1000 3263 ius
1022 3207 1182 3264 societatis
1205 3205 1322 3264 civilis

207 3429 248 3500 (1)
267 3431 434 3498 Mamaclu',
467 3430 524 3485 Del
554 3428 661 3482 diritto
694 3427 791 3482 libero
814 3428 895 3482 della
916 3426 1029 3482 Ohiese
1048 3428 1077 3482 di
1099 3429 1272 3500 acquistare
1293 3447 1321 3483 e·

134 3518 297 3590 possedere
313 3517 384 3572 beni
408 3518 580 3588 temporali,
592 3517 619 3572 si
629 3517 736 3571 mobili
749 3517 804 3570 che
818 3516 933 3583 stabili,
947 3523 1018 3572 torn.
1031 3517 1090 3571 III.
1111 3517 1173 3573 Cfr.
1195 3522 1232 3573 M.
1253 3519 1308 3574 De·

135 3611 229 3675 Luca,
249 3609 302 3663 Ius
322 3609 406 3680 publ.
425 3609 484 3663 vol.
504 3608 530 3678 I,
550 3627 576 3679 p.
597 3609 667 3676 1523
700 3606 880 3672 Liberatore,
913 3624 961 3676 op.
985 3606 1072 3662 ciue
1101 3605 1142 3672 II,
1172 3606 1322 3674 art.VI;‚

133 3700 266 3768 Bulmes,
298 3715 345 3768 op.
375 3697 426 3752 cit.
446 3697 587 3768 passim.;
613 3705 643 3751 et
667 3713 743 3767 opus
762 3716 778 3750 «
797 3694 1012 3750 Osservuzioni
1033 3695 1140 3749 sociali
1161 3695 1309 3766 politiche

132 3785 173 3841 ed
192 3787 387 3842 economiche
408 3787 456 3840 sui
476 3786 547 3840 beni
568 3787 615 3841 del
637 3786 727 3840 Olero
746 3804 772 3839 ».

205 3877 248 3947 (2)
268 3877 390 3943 Suam,
411 3874 480 3930 Des.
500 3873 585 3945 fidei,
604 3874 660 3929 lib.
680 3873 731 3935 IV,
752 3891 779 3929 c.
795 3875 844 3928 m.
1222 3906 1225 3912 -

206 3965 247 4035 (3)
267 3966 422 4031 Eusebius,
443 3963 526 4019 Hist.
546 3963 628 4018 Eccl.
647 3963 703 4021 lib.
724 3963 761 4029 X,
776 3981 802 4018 c.
820 3962 856 4030 V;
876 3965 1084 4032 Lampridius,
1105 3962 1186 4015 inter
1205 3961 1311 4032 script.

133 4050 207 4108 hist.
226 4056 308 4123 Aug.
326 4071 354 4122 p.
376 4055 436 4120 151;
457 4057 677 4119 Thomcssiuus,
697 4053 741 4107 De
764 4069 831 4108 nov.
851 4059 881 4106 et
901 4060 961 4108 vet.
983 4051 1066 4106 Eccl.
1097 4051 1217 4122 dr'scipl.
1236 4069 1265 4122 p.
1283 4051 1309 4118 3,

132 4139 190 4195 lib.
209 4140 231 4204 Ι,
253 4142 322 4210 c.3;
355 4141 417 4198 Ofr.
441 4143 603 4208 Vocetium,
637 4141 712 4194 Inst.
745 4158 811 4194 can.
838 4140 898 4194 vol.
930 4141 971 4206 II,
992 4139 1060 4206 c.I,
1081 4135 1100 4212 ξ
1120 4139 1135 4192 7
1156 4147 1186 4192 et
1205 4157 1326 4210 seqq.;*

133 4231 270 4297 Aichuer,
290 4249 336 4302 op.
357 4231 407 4286 eit.
428 4247 496 4302 pag.
515 4229 589 4298 804;
614 4231 725 4297 Werna,
747 4247 793 4300 op.
813 4229 865 4283 cit.
883 4237 956 4284 tom.
975 4229 1033 4296 111,
1054 4246 1083 4284 n.
1104 4229 1156 4283 135
1176 4236 1207 4284 et
1227 4241 1323 4301 seqq..
