3198 4898
299 330 353 385 312

389 457 420 537 1)
451 463 638 540 patronatu
662 477 747 540 quae
781 453 1042 540 praerequirunt
1076 450 1391 540 praesentationem
1430 449 1482 514 vel

299 562 565 628 nominationem
593 561 743 627 alterius.

389 674 419 751 c)
442 671 578 734 electiva
600 691 686 754 quae
710 668 932 735 conferuntur
955 667 1095 754 praevia
1124 665 1288 732 electione
1314 661 1481 729 canonica

299 781 335 840 et
357 775 535 840 accedente
551 774 803 841 confirmatione
819 773 966 859 legitimi
982 772 1166 859 superioris
1179 769 1403 861 aeclesiastici
1421 773 1432 850 (
1459 773 1479 848 ).

389 885 424 962 d)
447 890 618 948 reservato
640 904 784 966 quorum
808 879 943 946 collatio
966 887 1098 966 spectat
1120 879 1163 944 ad
1186 879 1230 944 R.
1262 874 1480 943 Pontificem.

801 1151 911 1195 ARTIO.
935 1152 973 1195 11.

601 1275 632 1336 11
651 1275 951 1337 senatuconsulto
970 1277 995 1336 et
1013 1275 1156 1336 1111111111
1218 1312 1220 1315 -

390 1451 463 1514 144.
488 1449 543 1514 Ad
566 1448 766 1534 erigendum
789 1451 990 1516 beneficium
1013 1450 1081 1516 tria
1118 1448 1352 1534 requiruntur:
1380 1447 1401 1510 I
1441 1446 1479 1509 11-

300 1559 390 1622 tulua
413 1555 542 1620 scilicet
564 1557 705 1622 ecclesia
727 1581 786 1622 seu
810 1557 918 1622 altare
941 1557 1013 1622 Deo
1036 1557 1189 1622 dicatum
1212 1556 1248 1620 in
1264 1575 1332 1640 quo
1351 1553 1477 1618 benefi-

298 1663 408 1728 ciatus
431 1685 529 1728 suum
553 1663 701 1729 officium
725 1665 905 1750 persolvat;
930 1665 969 1730 ΙΙ
993 1668 1052 1730 doc
1081 1665 1247 1750 sufficiens
1282 1669 1323 1727 ut
1358 1660 1477 1748 provi-

298 1771 420 1836 deatur
443 1771 681 1836 sustentationi
706 1773 816 1837 cleriei
851 1772 1002 1838 titularis
1040 1779 1073 1838 et
1096 1794 1199 1837 onera
1238 1769 1397 1836 beneficii
1422 1767 1477 1832 ad-

298 1877 517 1964 impleantur;
541 1879 609 1943 III.
633 1881 781 1964 legitima
804 1883 989 1946 auctoritas
1011 1903 1097 1964 quae
1120 1883 1276 1963 acceptat
1298 1885 1334 1942 et
1367 1874 1477 1960 erigit

293 1984 336 2080 'in
359 1983 568 2070 beneficium,
593 1986 691 2052 illum
715 1987 891 2071 titulum(
917 1993 936 2071 ).

389 2093 431 2156 111
456 2091 571 2158 limine
593 2093 804 2160 fundationis
829 2094 982 2161 beneficii
1007 2101 1148 2181 possunt
1172 2091 1275 2176 adiici
1290 2112 1474 2176 quaecum·

299 2221 365 2284 que
388 2198 604 2284 conditiones,
631 2201 813 2268 dummodo
836 2201 1012 2287 possibiles
1035 2209 1070 2267 et
1094 2202 1136 2266 ab
1160 2198 1365 2266 auctoritate
1397 2197 1476 2262 eccl.

298 2313 494 2392 acceptatae
528 2306 597 2372 sint
621 2310 676 2390 (3);
712 2315 747 2372 et
770 2309 833 2374 hae
856 2309 1042 2374 servandae
1070 2308 1133 2373 sub
1174 2306 1336 2372 nullitate
1375 2304 1474 2370 colla·
1566 2301 1567 2306 ’

297 2413 400 2478 tionis
423 2415 480 2498 (4),
505 2421 539 2478 et
561 2413 737 2480 immutari
759 2424 935 2500 nequeunt
964 2419 1023 2498 (5).

367 2521 441 2584 145.
456 2519 662 2587 innovatio
679 2521 916 2588 beneficiorum
931 2529 1013 2586 tuno
1028 2527 1246 2607 perpetratur
1263 2541 1341 2584 cum
1357 2538 1473 2584 eorum

369 2732 411 2802 (l)
430 2733 530 2800 Quare
561 2732 641 2788 falsa
665 2734 715 2789 hic
746 2743 872 2807 apparet
903 2735 1023 2790 theoria
1049 2732 1187 2788 moderni
1207 2731 1367 2803 scriptoris
1387 2731 1473 2795 (Miro
1568 2757 1569 2766 1

297 2825 396 2894 9111111,
414 2823 499 2876 Statu
520 2841 535 2876 e
555 2823 667 2891 chiesa,
688 2843 715 2896 p.
737 2827 788 2880 118
808 2826 923 2880 Milano
945 2827 1026 2893 1878)
1047 2825 1099 2895 qui
1113 2823 1226 2878 asserit
1239 2839 1331 2876 unam
1351 2839 1390 2876 ex
1404 2835 1470 2897 con·

300 2909 470 2964 ditionibus
502 2911 642 2966 beneficii
671 2931 737 2968 esse
767 2913 965 2970 existentiam
998 2914 1130 2968 alieuius
1150 2913 1269 2985 patroni
1291 2908 1472 2973 fundatoris
1566 2939 1567 2966 1

299 3015 369 3052 nam
390 3000 420 3052 in
440 3000 523 3054 facto
542 3009 662 3056 constat
694 3020 753 3057 non
773 3004 874 3058 omnia
894 3004 1044 3059 beneficia
1062 3004 1160 3058 fuisse
1181 3022 1199 3058 a
1220 3001 1350 3074 privatis
1371 3015 1468 3072 perso·

299 3088 349 3144 nis
369 3097 477 3156 erecta,
498 3097 529 3144 et
552 3091 599 3146 ius
613 3093 791 3147 nominandi
806 3095 844 3148 ad
858 3095 993 3166 privatas
1009 3112 1154 3165 personas
1169 3111 1229 3148 non
1248 3107 1368 3162 semper
1378 3086 1468 3161 perti·

299 3193 381 3234 nere.
401 3179 579 3250 (1118111111,
599 3182 617 3248 l,
638 3199 663 3239 c.
682 3201 710 3237 n.
731 3185 772 3238 19.

370 3285 410 3357 (2)
430 3287 554 3342 Erectio
577 3288 792 3344 beneficiorum
822 3291 970 3346 maiorum
999 3292 1133 3364 pertinet
1162 3290 1201 3344 ad
1230 3290 1258 3344 S.
1282 3286 1467 3341 Pontificem.

299 3373 540 3446 Collegiatarum
560 3378 674 3432 erectio
703 3397 721 3434 a
742 3381 826 3451 Papa
858 3381 887 3434 vi
916 3381 1020 3436 brevis
1049 3379 1195 3452 specialis
1221 3377 1386 3434 Ordinaric
1414 3369 1467 3427 loci

298 3463 448 3518 committi
468 3482 522 3520 seu
541 3468 666 3522 concedi
686 3469 774 3526 solet.
796 3468 858 3524 Ofr.
877 3473 1027 3537 Ferraria,
1046 3487 1073 3524 v.
1091 3471 1255 3540 colleyiuta.

373 3555 492 3610 Minora
512 3557 604 3611 etiam
630 3557 668 3612 ab
689 3558 852 3629 Episcopis
872 3559 950 3629 erigi
972 3565 1100 3629 possunt
1120 3559 1174 3614 sed
1193 3574 1262 3612 curn
1290 3555 1405 3610 debitis
1425 3567 1467 3606 so·

299 3645 523 3701 lemnitatibus.
543 3650 668 3702 Lauren.
688 3647 707 3704 l.
728 3665 752 3702 c.
770 3649 813 3716 30,
833 3650 878 3704 31.

370 3753 409 3816 (3)
428 3755 595 3818 Monacallr]
616 3753 839 3808 Formularium
871 3755 971 3828 legale
988 3762 1082 3827 praet.
1103 3755 1161 3810 fori
1182 3755 1254 3808 eccl.
1273 3759 1296 3808 t.
1321 3755 1352 3817 2;
1384 3748 1464 3808 card.

297 3843 448 3902 DevLuca,
470 3842 551 3898 Diae.
569 3844 612 3908 95,
633 3861 661 3897 11.
682 3843 723 3910 10,
745 3845 790 3899 De
810 3844 978 3914 benefieiis
998 3847 1171 3918 Faqnaaas,
1185 3843 1216 3898 in
1234 3844 1329 3914 caui
1347 3843 1405 3897 Tit.
1419 3837 1463 3902 Vl,

297 3933 353 3988 lib.
374 3932 396 3998 Ι,
417 3950 445 3986 n.
466 3933 509 3990 72.

372 4043 409 4110 (4)
429 4043 511 4098 Trid.
531 4061 606 4100 sese.
626 4047 740 4114 XXIV,
762 4050 821 4103 (1.5
841 4047 877 4100 de
898 4044 1020 4102 reform.

369 4153 409 4222 (5)
429 4155 721 4224 Pyrrus-Corradus,
754 4155 864 4208 Praxie
890 4153 990 4209 benef.
1011 4153 1030 4210 l.
1049 4169 1074 4209 o.
1095 4153 1137 4218 10,
1157 4171 1185 4208 n.
1210 4150 1276 4218 145;
1296 4151 1464 4221 Fayaanus.

297 4242 414 4298 Oomm.
432 4241 470 4296 ad
490 4259 553 4310 cap.
571 4263 587 4295 «
609 4245 843 4316 conquerente»
863 4245 892 4298 6⁰
911 4243 948 4298 de
968 4242 1089 4298 clericis
1109 4259 1168 4296 non
1189 4240 1279 4325 resid.
1300 4257 1329 4295 n.
1346 4239 1389 4293 22.
