3198 4898
286 333 342 390 280

287 476 419 561 polluta
441 474 556 559 fuerit,
581 473 828 570 reconcilianda
851 480 902 540 est
925 471 1065 560 proprio
1088 471 1159 538 ritu
1183 475 1230 554 (1)
1255 470 1298 536 ab
1322 470 1458 558 Episco-

287 605 332 670 po
355 586 402 668 (2)
428 582 455 649 si
480 589 672 648 consecrata
695 589 778 664 erat3
803 604 823 646 a
846 580 997 666 quolibet
1020 579 1193 646 sacerdote
1216 578 1260 644 ab
1291 577 1458 664 Episcopo

287 688 444 774 delegato
467 687 495 753 si
519 687 696 754 benedicta
718 693 854 752 tantum
876 685 991 752 firerit.

379 797 452 861 111.
479 793 715 860 Immunitas
740 833 784 841 -
807 792 862 858 Ad
886 791 1138 858 immunitatem
1161 793 1208 875 (3)
1227 791 1368 856 localem
1382 811 1455 875 per·

285 901 384 986 tinet,
409 909 448 968 ut
485 900 636 966 vidimus
669 899 707 965 in
729 899 804 966 iure
827 899 972 988 publico,
1012 897 1232 965 ecclesiarum
1256 896 1453 962 immunitas

287 1030 374 1093 quae
400 1009 467 1075 duo
501 1007 748 1094 complectitur:
774 1011 802 1072 1.
838 1007 1099 1092 prohibitionem
1138 1028 1178 1071 ac
1213 1007 1248 1071 ia
1287 1006 1331 1070 iis
1365 1011 1457 1070 ectus

281 1117 428 1202 profani
449 1123 676 1199 coerceantur,
702 1123 741 1180 ut
764 1122 844 1180 sunt
868 1137 899 1180 v.
940 1136 992 1199 gr.
1017 1112 1145 1178 iudicia
1184 1111 1302 1176 civilia
1327 1119 1362 1177 et
1396 1107 1458 1176 cri-

287 1221 438 1308 minalia,
462 1221 644 1303 nundinae,
669 1220 926 1306 negotiationes,
963 1218 1035 1285 ludi
1070 1219 1264 1302 theatrales,
1300 1215 1456 1284 convivia

287 1335 351 1393 etc.
377 1331 436 1411 (4);
461 1332 492 1394 2.
515 1330 569 1393 ias
592 1330 681 1414 asyli
703 1328 793 1413 quod
817 1325 971 1392 consistit
993 1324 1031 1389 in
1054 1323 1239 1412 privilegio
1255 1346 1323 1409 quo
1338 1319 1458 1410 illi2qui

287 1433 494 1518 confugiunt
516 1435 558 1498 ad
580 1433 757 1500 ecclesiam
771 1441 806 1499 et
821 1433 995 1500 extensive
1012 1433 1055 1498 ad
1076 1431 1183 1498 alium
1200 1432 1312 1497 locum
1329 1449 1459 1496 sacrum

289 1541 344 1604 vel
368 1541 573 1627 religiosum,
597 1541 765 1607 immunes
789 1566 809 1607 a
832 1541 867 1606 vi
891 1540 1044 1626 qualibet
1066 1541 1162 1626 fiunt,
1187 1538 1236 1604 ita
1260 1538 1391 1604 scilicet
1422 1543 1459 1600 ut

287 1645 367 1711 inde
391 1647 559 1713 violenter
586 1649 720 1714 extrahi
745 1649 870 1715 autad
893 1646 1062 1736 supplicia
1086 1643 1247 1732 capitalia
1280 1643 1359 1729 'rapi
1394 1664 1460 1707 non

287 1752 428 1838 possint.
1356 1775 1359 1782 ·

376 1861 436 1925 Ius
458 1861 545 1946 asyli
569 1863 658 1946 quod
681 1861 849 1948 originem
864 1870 898 1928 et
914 1861 1177 1928 fundamentum
1192 1859 1296 1924 habet
1313 1857 1350 1924 in
1366 1879 1456 1922 reve-

287 1966 398 2031 rentie
420 1990 460 2032 ao
483 1967 664 2034 sanctitate
686 1969 914 2054 ecclesiarum,
937 1991 1006 2034 non
1036 1974 1108 2033 tam
1138 1965 1272 2052 legibus
1303 1961 1458 2051 positivis

359 2201 396 2266 (1)
417 2198 479 2254 cfr.
502 2199 617 2254 Pontif.
637 2218 711 2256 rom.

360 2305 401 2376 (2)
420 2306 597 2378 Superiores
616 2307 773 2377 regulares
794 2325 846 2378 pro
867 2308 1007 2362 ecclesiis
1027 2306 1074 2362 sui
1090 2305 1215 2362 Ordinis
1234 2305 1348 2359 babent
1368 2302 1457 2376 privi-

289 2393 404 2463 legium
432 2395 652 2451 reconciliandi
682 2397 738 2451 has
768 2397 914 2452 ecclesias
943 2395 1086 2465 pollutas.
1119 2394 1181 2451 Ofr.
1206 2396 1365 2464 Gasparri,
1404 2393 1459 2449 l.c

288 2500 318 2540 n.
337 2486 399 2540 256.

361 2593 399 2663 (3)
420 2593 601 2648 Immunitas
621 2594 830 2665 ecclesiarum,
843 2596 887 2650 ait
903 2597 1014 2664 Donati,
1034 2595 1110 2650 Inst.
1131 2611 1196 2649 can.
1216 2593 1236 2649 1.
1254 2594 1280 2661 2,
1304 2589 1324 2664 ξ
1343 2588 1456 2652 XXIV,

288 2698 349 2735 non
369 2689 416 2737 est
436 2682 562 2737 inducta
581 2691 615 2738 ut
634 2685 756 2756 quidam
777 2693 886 2756 putant
905 2703 922 2739 a
943 2685 1072 2756 legibus,
1093 2683 1148 2738 sed
1168 2683 1293 2737 inducta
1313 2687 1361 2736 est
1381 2699 1398 2735 a
1417 2695 1457 2732 re·

288 2769 405 2840 ligione
426 2771 490 2826 sive
510 2790 528 2826 a
541 2775 714 2829 reverentia
732 2792 792 2846 qua
811 2775 843 2828 in
863 2774 1045 2845 religionem
1061 2771 1134 2827 ferri
1154 2772 1301 2826 debemus
1320 2768 1457 2841 etproin·

287 2859 325 2913 de
346 2861 574 2916 ecclesiasticae
596 2864 765 2933 potestatis
784 2863 874 2917 cuius
894 2869 941 2918 est
961 2861 1111 2918 moderari
1131 2878 1180 2918 res
1200 2859 1374 2930 religionis,
1393 2856 1456 2912 eius

288 2955 336 3002 est
356 2948 448 3002 etiam
468 2951 504 3006 de
524 2951 597 3006 eccl.
616 2951 811 3008 immunitate
831 2953 917 3024 leges
936 2952 1133 3007 constituere.

360 3057 401 3127 (4)
422 3059 453 3114 Ο.
475 3059 569 3126 Decet,
587 3061 612 3127 2,
634 3061 679 3114 De
700 3059 781 3116 imm.
800 3061 873 3115 eccl.
893 3061 914 3116 l.
936 3060 984 3114 Ill
1005 3060 1037 3114 in
1056 3059 1110 3114 VI.
1142 3058 1263 3112 Pariter
1292 3074 1352 3111 non
1386 3055 1454 3108 licet

288 3146 450 3200 admittere
471 3148 502 3200 in
523 3148 670 3202 ecclesias
689 3149 849 3204 occasione
864 3148 1058 3220 exequiarum
1080 3155 1133 3202 aut
1153 3145 1351 3219 quorumdam
1371 3143 1457 3198 festo-

289 3253 356 3288 rum
385 3235 496 3307 quibus
525 3237 622 3292 laicae
653 3238 834 3292 sodalitates
855 3238 1016 3304 intersunt,
1038 3237 1098 3291 nisi
1118 3239 1228 3292 vestilia
1247 3239 1385 3305 reliqiosa
1405 3246 1453 3302 pro

288 3325 401 3396 quibus
425 3325 574 3380 habeatur
597 3325 729 3381 formula
750 3327 975 3381 benedictionis
999 3327 1030 3381 in
1050 3325 1114 3380 Rit.
1133 3325 1220 3381 Rom.
1250 3324 1300 3378 Ita
1319 3321 1349 3376 S.
1369 3321 1402 3376 O.
1421 3318 1456 3373 R.

291 3415 402 3470 141u1.
423 3415 499 3471 1887.
520 3415 651 3484 Quodsi
672 3417 815 3470 mandato
835 3433 894 3470 non
915 3415 1153 3486 obtemperetur,
1183 3412 1267 3468 facta
1286 3413 1372 3484 prius
1391 3407 1455 3464 inti·

288 3493 424 3558 matione
443 3506 529 3559 iuxta
548 3516 679 3562 mentem
699 3507 727 3562 S.
748 3509 867 3577 Gongr„
887 3505 1037 3578 parochus
1055 3523 1087 3560 se
1107 3505 1272 3559 abstineat.

360 3594 575 3650 Benedicenda
603 3601 706 3652 autem
738 3615 796 3650 non
827 3604 898 3650 sunt
919 3596 979 3650 nisi
1000 3595 1114 3650 vexilla
1143 3611 1247 3649 aarum
1266 3591 1452 3655 societatum,
1560 3587 1561 3598 ³

287 3701 414 3754 quarum
445 3690 561 3737 statuta
589 3685 627 3738 ab
648 3686 830 3740 anctoritate
860 3685 931 3740 eccl.
961 3683 1128 3755 approbata
1146 3682 1271 3747 fuerint,
1301 3680 1341 3735 ab
1362 3692 1449 3750 eaque

286 3770 391 3840 aliquo
412 3771 499 3824 modo
519 3772 710 3841 dependeant
731 3780 760 3826 et
780 3773 903 3844 aliquod
924 3771 1088 3842 religionis
1108 3771 1240 3841 signum,
1262 3769 1380 3822 nullum
1407 3780 1451 3818 au·
1560 3791 1561 3798 κ

288 3867 350 3913 tem
371 3859 520 3913 emblema
539 3860 761 3930 reprobandum
780 3879 852 3932 prae
872 3878 904 3916 se
925 3860 1036 3916 ferent.
1054 3860 1083 3915 S.
1103 3859 1137 3914 0.
1156 3860 1184 3914 S.
1204 3857 1238 3914 Ο.
1255 3858 1273 3911 3
1293 3857 1375 3927 Sept.
1392 3850 1450 3908 1887

288 3956 320 4002 et
340 3949 460 4004 Poenit.
479 3949 496 4002 4
515 3951 587 4021 Apr.
608 3951 687 4006 1887.

363 4038 484 4092 Vexilla
514 4039 558 4092 ita
577 4039 659 4094 dicta
690 4041 860 4095 nationalia
886 4042 1004 4096 nullum
1034 4041 1183 4096 emblema
1210 4038 1247 4094 de
1276 4055 1310 4093 se
1331 4036 1450 4092 vetitum
1560 4073 1561 4078 1

289 4127 531 4200 praeseferentia
550 4129 582 4184 in
602 4128 725 4184 funebri
746 4148 854 4202 pompa
873 4131 998 4186 tolerari
1017 4145 1154 4203 possunt,
1169 4128 1329 4184 dummodo
1350 4127 1452 4182 feretro

289 4227 476 4290 sequantur;
506 4220 535 4274 in
569 4221 700 4275 ecclesia
720 4239 790 4276 vero
810 4239 869 4276 non
890 4229 962 4276 sunt
982 4221 1142 4276 toleranda
1163 4219 1222 4274 nisi
1243 4236 1333 4274 secus
1352 4217 1450 4272 turbae

290 4317 344 4364 aut
363 4309 499 4380 pericula
522 4309 697 4364 timeantur.
717 4311 743 4366 S.
764 4312 857 4366 Poen.
875 4313 911 4366 24
930 4312 1005 4367 Nov.
1029 4311 1108 4367 1897.
