3200 4890
1279 298 1333 354 427

642 461 645 468 '
710 445 774 505 III.

243 579 337 638 Porro
359 578 534 640 Ordinariis
554 599 666 640 munus
686 580 837 639 incumbit
859 576 1009 638 recensita
1032 575 1181 634 hactenus
1203 572 1336 632 remedia

162 695 220 754 pro
239 696 296 736 sua
317 678 482 756 prudentia
503 697 538 737 ac
559 679 745 738 conscientia
766 674 932 736 adhibendi
955 680 1045 752 prout
1059 691 1161 732 rerum
1176 678 1207 730 et
1222 671 1335 751 adiuu-

162 781 280 834 otorum
302 782 414 834 natura
434 781 467 836 et
486 795 616 836 canones
637 776 836 850 ecclesiastici
856 775 995 849 exigunt.

651 906 653 911 ’
719 928 776 990 Ν.

243 1063 356 1124 Mediis
377 1068 490 1142 quibus
520 1067 632 1125 malum
666 1073 878 1144 praecavetur,
914 1067 1104 1142 potissimum
1136 1069 1337 1121 accensentur

164 1163 339 1240 spiritualia
361 1167 525 1238 exercitia,¹
539 1168 721 1224 monitiones
741 1171 773 1224 et
795 1170 967 1242 praecepta.

735 1319 775 1379 V.

245 1455 305 1516 His
326 1461 428 1514 tamen
449 1431 676 1533 praemittenda
697 1459 746 1514 est
777 1456 941 1513 summaria
973 1453 1083 1512 saltem
1105 1451 1179 1510 iacti
1215 1451 1337 1524 notitia,

163 1555 251 1612 ouius
272 1554 311 1611 ab
331 1551 483 1620 ordinario
503 1551 645 1610 habenda
666 1557 714 1611 est
735 1555 823 1627 ratio,
843 1559 880 1612 ut
901 1555 927 1610 si
948 1569 1025 1628 opus
1046 1550 1089 1609 sit
1116 1552 1157 1607 ad
1191 1549 1338 1606 ulteriora

105 1641 109 1647 ⁵
164 1641 378 1729 procedatvel
399 1641 492 1709 etiam
514 1652 610 1728 possit
631 1649 781 1728 superiori
803 1648 987 1708 auctoritate
1014 1647 1194 1707 satisfacere
1231 1645 1257 1704 si
1291 1645 1338 1703 le-

164 1751 271 1827 gitime
292 1745 331 1807 ab
353 1749 455 1824 aliquo
476 1748 515 1807 ad
536 1748 621 1806 illam
643 1767 785 1806 recursus
806 1747 967 1806 habeatur.

725 1899 782 1958 VI.

245 2037 429 2096 Monitiones
450 2055 522 2094 vero
541 2040 704 2095 canonicae
726 2035 804 2094 fiant
826 2037 872 2094 vel
894 2036 925 2094 in
949 2033 1045 2094 forma
1068 2041 1196 2109 paterna
1223 2041 1256 2092 et
1287 2053 1339 2092 se-

163 2139 247 2193 creta
268 2133 409 2192 adhibita
430 2133 521 2192 etiam
543 2134 672 2210 epistola
696 2134 743 2192 vel
776 2133 959 2210 interposita
992 2134 1096 2208 aliqua
1127 2151 1254 2207 persona
1289 2131 1337 2189 vel

163 2231 195 2290 in
218 2231 313 2290 forma
334 2231 472 2303 iuridica,
494 2231 539 2290 ita
559 2237 662 2290 tamen
685 2239 720 2290 ut
741 2233 843 2308 aliquo
871 2232 957 2290 modo
992 2250 1111 2308 semper
1142 2237 1263 2288 constet
1300 2229 1338 2286 de

167 2327 249 2390 iacta
269 2333 442 2391 monitione.

719 2481 794 2542 VII.

246 2615 468 2676 Monitionibue
488 2617 606 2686 frustra
628 2617 788 2686 adhibitis,
808 2617 981 2676 ordinarius
1004 2615 1115 2675 Curiae
1151 2616 1274 2674 mandet
1303 2621 1339 2672 ut

166 2722 360 2792 praeceptum
382 2722 585 2792 opportunum
607 2717 768 2773 intimetur
802 2713 1002 2791 delinquenti,
1037 2734 1097 2790 quo
1131 2713 1227 2772 eidem
1264 2713 1338 2788 quid

165 2811 265 2872 facere
288 2813 336 2871 vel
356 2813 497 2872 omittere
518 2813 629 2872 debeat
650 2813 814 2886 indicatur,
836 2813 943 2871 addita
964 2815 990 2872 si
1012 2813 1090 2871 illud
1123 2811 1338 2889 transgredia-

166 2920 217 2968 tur
238 2911 452 2988 respondentis
473 2910 694 2970 ecclesiasticae
716 2929 828 2986 poenae
849 2911 1087 2968 comminatione.

702 3061 788 3120 VIII
798 3105 804 3119 .

246 3201 448 3278 Praeceptum
470 3220 520 3259 reo
542 3207 707 3278 praevento
727 3200 889 3258 intimatur
911 3221 928 3258 a
950 3199 1138 3259 Cancellario
1159 3221 1258 3259 coram
1279 3199 1340 3261 Vi-

167 3299 249 3360 oario
269 3299 415 3376 generali3
439 3299 486 3358 vel
507 3319 606 3357 coram
641 3299 759 3358 duobus
794 3297 927 3358 testibus
960 3300 1105 3376 probatae
1135 3299 1341 3375 integritatis,

168 3401 234 3458 eive
255 3397 471 3457 ecclesiasticis
485 3399 558 3477 sive
580 3397 676 3454 laicis.

247 3495 275 3574 ξ.
298 3497 324 3552 1.
347 3494 446 3553 Actus
469 3492 675 3552 subscribitur
696 3513 714 3550 s
735 3495 877 3570 partibus
899 3493 1122 3571 praesentibus,
1144 3494 1219 3570 quin
1255 3501 1287 3553 et
1322 3515 1340 3552 a

170 3601 335 3671 praevento
355 3596 382 3651 si
404 3593 490 3652 velit.

246 3691 274 3767 ξ.
296 3691 315 3747 2
336 3690 482 3750 Vicarius
502 3690 665 3766 generalis,
686 3689 888 3748 iurisiurandi
908 3689 1030 3749 vinculo
1057 3689 1250 3768 obstringere
1286 3711 1340 3768 po-

169 3795 230 3847 test
251 3794 348 3847 testes
370 3795 405 3846 ut
426 3797 576 3848 secretum
598 3793 732 3864 servent,
754 3789 781 3844 si
813 3787 856 3846 rei
880 3794 991 3846 natura
1012 3789 1050 3846 de
1084 3807 1145 3864 qua
1166 3792 1273 3866 agitur
1309 3791 1339 3850 id

168 3886 206 3944 ad
230 3886 411 3962 prudentiae
432 3883 565 3945 normam
586 3889 701 3962 exigat.

712 4037 785 4096 IX.

224 4172 299 4232 'Ad
320 4171 505 4250 infligendas
526 4193 638 4250 poenas
666 4174 745 4249 quod
780 4180 910 4251 spectat,
944 4175 1049 4234 scdulo
1080 4175 1342 4234 Reverendissimi

171 4267 329 4328 Ordinarii
349 4271 607 4346 animadvertant,
629 4270 707 4330 hano
728 4270 960 4330 instructionem
981 4271 1064 4331 hand
1088 4269 1206 4332 efficere
1235 4279 1270 4332 nt
1291 4292 1343 4332 so-
