3234 4902
1330 341 1366 396 35

279 485 376 550 XIV.
415 485 458 548 Ia
481 485 628 548 macoma
649 484 822 548 minimum
853 491 901 548 est
937 486 1148 569 aequandum.
1185 483 1367 550 Minimum

192 591 326 658 scilicet
349 589 628 675 quantitativum,
653 589 703 655 ita
725 613 777 654 ex.
800 611 851 675 gr.
876 589 1017 656 minima
1030 588 1203 678 obligatio,
1225 589 1367 658 minima

196 721 304 786 poena
326 707 390 763 etc.
417 696 504 780 (Ofr.
528 695 642 761 Thecl.
666 718 749 762 mor.
774 697 825 761 De
849 695 1086 780 Conscientia).

280 805 359 871 XV.
391 806 477 871 Utile
500 825 564 869 noa
585 806 675 868 delet
692 825 759 888 per
780 805 898 868 inutile
925 805 1051 870 uitiari.
1079 803 1181 868 Valet
1211 803 1249 869 in
1282 803 1368 870 divi-

198 911 360 994 sionibus,
383 908 677 995 descriptionibus,
704 909 966 975 limitationibus
989 919 1053 976 eto.

278 1019 376 1084 XVI.
408 1017 492 1084 Cum
528 1019 611 1102 quid
638 1017 860 1100 prohibetur,
879 1019 1102 1102 prohibeatur
1139 1018 1251 1086 omnia
1281 1039 1366 1104 quac

193 1133 381 1214 aequantur
404 1147 446 1189 err
470 1125 537 1188 illc.
569 1123 623 1188 Ita
646 1121 830 1188 interdicto
852 1123 1001 1189 dominio
1024 1121 1200 1209 religiosis,
1224 1121 1267 1189 iis
1289 1145 1365 1210 pro-

192 1231 332 1298 hibetur
353 1231 457 1296 etiam
480 1229 643 1311 venditi0,
665 1228 813 1314 donatio,
837 1232 1056 1296 commutatio
1076 1237 1141 1296 eto.

278 1338 393 1403 XVII.
424 1330 652 1402 Accesacrium
676 1344 836 1401 naturam
859 1338 952 1421 acqui
976 1338 1127 1428 conpescit
1148 1339 1365 1423 prlocipalis.

198 1446 346 1530 Ideoque
369 1443 547 1509 deficiente
570 1443 763 1529 principali,
789 1444 960 1509 ordinario
975 1452 1009 1510 et
1025 1443 1247 1510 accessorium
1263 1443 1364 1511 fallit

278 1551 414 1617 XVIII.
446 1551 512 1626 Qua·
548 1559 642 1630 tacet,
680 1553 862 1616 consentire
896 1553 1038 1626 addetur.
1072 1551 1173 1617 Valet
1206 1551 1244 1617 in
1273 1575 1363 1618 mere

198 1657 455 1742 favorabilibus,
474 1679 560 1742 quae
582 1658 716 1726 nullum
731 1680 917 1743 gravamen
932 1658 1057 1724 tacenti
1076 1658 1236 1724 afferunt.
1259 1659 1365 1725 Fallit

187 1764 227 1830 in
250 1763 497 1830 favorabilibus
521 1785 606 1848 quae
630 1784 714 1828 onus
738 1763 906 1828 adnexum
929 1764 1076 1829 habent:
1106 1763 1205 1829 utin
1228 1786 1363 1850 sponsa-

191 1871 291 1956 libus,
317 1871 458 1956 nuptiis,
482 1871 711 1936 contractibus
733 1879 796 1936 etc.

278 1978 377 2043 XIX.
403 1980 641 2043 Praesumitur
663 1979 854 2065 ignorantia
869 1980 925 2043 ubi
947 1981 1087 2044 scientia
1109 2001 1173 2046 ooo
1184 1981 1361 2064 probatur.

189 2085 291 2150 Valet
314 2085 404 2150 circa
427 2085 519 2150 facta
543 2083 776 2170 contingentia
800 2107 885 2169 quae
908 2085 995 2150 scire
1017 2104 1084 2151 non
1107 2095 1272 2151 tenemur.

276 2191 355 2256 XX.
384 2191 447 2258 oui
471 2192 547 2256 licet
575 2193 662 2278 quod
692 2199 740 2256 est
758 2193 850 2276 plue,
880 2194 955 2257 licet
977 2194 1091 2278 utiquc
1118 2195 1206 2278 quod
1231 2201 1278 2258 cst
1300 2194 1361 2258 mi·

188 2321 264 2364 nus.
288 2299 390 2364 Valet
413 2298 450 2362 in
478 2298 610 2363 iuribus
633 2306 668 2363 et
691 2299 915 2384 potestatibus
931 2299 1169 2375 subordinatis
1193 2321 1261 2364 non
1283 2322 1364 2365 vero

191 2406 227 2472 in
250 2405 443 2490 disparatis.

277 2513 376 2577 XXI.
413 2513 479 2588 Qui
498 2514 598 2597 prior
620 2521 668 2578 eat
695 2521 848 2598 tempore,
862 2515 975 2598 potior
1007 2521 1054 2577 est
1087 2515 1169 2578 iure.
1204 2511 1362 2578 Procedit

189 2620 229 2686 iu
252 2620 452 2706 pignoribus
476 2629 510 2684 et
532 2620 608 2686 aliis
631 2621 869 2687 contractibus.

278 2728 396 2793 XXII.
441 2728 507 2802 Qui
532 2731 631 2793 scatit
666 2750 757 2810 onus,
784 2730 905 2793 sentire
928 2729 1019 2793 debet
1040 2735 1071 2791 ct
1094 2729 1309 2810 commodum,
1332 2734 1364 2792 et

200 2843 326 2900 contro.
351 2835 387 2900 Si
410 2843 525 2900 tamen
549 2858 650 2900 onera
672 2843 706 2901 et
729 2835 903 2905 commoda
925 2835 973 2900 rei
998 2835 1224 2900 adnectantur
1245 2857 1288 2898 ex
1301 2856 1360 2898 na-

107 3013 111 3021 ·
182 2947 266 3006 tura
290 2943 344 3006 vel
367 2965 409 3006 ex
431 2942 514 3026 lege.

277 3049 416 3113 XXIII.
441 3050 484 3113 Ia
508 3071 543 3112 rc
566 3049 741 3130 communi,
766 3049 880 3132 potior
909 3055 957 3111 eat
980 3048 1122 3112 conditio
1139 3048 1360 3132 prohibeatis.

186 3153 290 3219 Valet
312 3153 349 3218 in
373 3177 409 3218 re
436 3153 605 3218 communi
640 3152 797 3238 plurimis
830 3161 865 3218 et
888 3152 1042 3237 siugulis,
1071 3151 1099 3218 si
1123 3160 1238 3218 tamen
1264 3160 1360 3218 actus

180 3259 232 3326 sit
248 3260 285 3324 in
301 3259 511 3346 praeiudicio
534 3258 756 3345 prohibentis.
781 3259 845 3323 Ex.
859 3281 910 3344 gr.
925 3281 932 3323 :
957 3260 1081 3324 Decem
1096 3259 1222 3326 habent
1237 3281 1359 3344 agrum

195 3389 416 3451 communem,
452 3366 489 3431 in
511 3389 577 3452 quo
610 3389 731 3432 novem
766 3366 886 3432 volunt
919 3365 1124 3431 constituere
1158 3366 1358 3432 servitutem

192 3473 292 3558 Titio,
317 3473 478 3557 decimus,
502 3473 538 3538 in
566 3471 662 3538 cuius
685 3471 894 3558 praeiudicio
908 3479 960 3537 est
975 3481 1080 3557 actus,
1106 3473 1268 3538 reclamat
1282 3494 1358 3537 con-

184 3589 261 3646 tra:
287 3579 389 3646 huius
418 3579 567 3646 conditio
590 3586 707 3665 utpote
730 3578 951 3665 prohibentis,
975 3588 1026 3644 est
1047 3579 1169 3664 potior.

276 3689 410 3753 XXIV.
437 3689 480 3752 Iu
502 3689 587 3772 pori
611 3689 729 3752 delicto
762 3689 812 3752 vel
846 3708 959 3768 causo,
989 3688 1104 3771 potior
1136 3695 1184 3751 est
1218 3687 1360 3751 conditio

177 3797 398 3880 possideatis.
426 3794 557 3880 Excipe
580 3794 646 3858 nisi
669 3793 723 3858 ius
745 3801 862 3879 aperte
885 3793 1021 3859 resistat
1043 3791 1228 3878 possidenti
1251 3799 1286 3858 et
1308 3815 1358 3857 as-

184 3901 288 3968 sistat
310 3901 471 3989 petitori;
495 3910 535 3966 ut
557 3901 585 3967 si
608 3901 757 3988 religiosi
781 3901 977 3988 possideant
999 3901 1146 3967 decimas
1168 3899 1358 3986 parochiae;

178 4015 268 4075 tunc
290 4008 382 4074 enim
404 4031 573 4094 possessor
595 4010 739 4094 probare
761 4016 899 4074 tenetur
921 4007 1061 4072 titulum
1084 4006 1311 4093 proprietatis,

274 4116 388 4182 XXV.
415 4119 528 4182 Potest
552 4118 628 4202 quia
645 4139 710 4201 per
733 4118 838 4182 olium
865 4117 953 4201 quod
970 4122 1081 4200 potest
1098 4118 1211 4202 fucere
1228 4136 1293 4200 per
1314 4135 1358 4179 ae.
