3234 4902
1330 317 1366 370 49

268 443 319 502 Ad
339 445 368 502 2.
392 441 561 502 Ecclesiam
583 444 613 500 vi
634 442 788 500 materiali
813 441 975 518 pollenseo
990 442 1069 519 quod
1091 445 1141 500 ius
1162 442 1256 500 habet
1279 442 1364 500 illam

70 530 76 544 ⁴
186 545 364 621 imperative
398 539 542 617 exigendi
577 538 764 598 esocietate
800 539 884 598 civili
916 545 1024 617 utpote
1059 539 1119 598 sibi
1151 540 1363 598 subordinate.

186 637 337 714 Quamvis
358 639 456 716 igitur
477 637 616 696 Ecclesia
635 637 668 695 vi
691 637 845 695 materiali
866 655 899 695 re
920 647 953 695 et
973 635 1143 701 formaliter
1164 649 1277 709 careat,
1301 641 1362 694 vir·

187 737 314 797 tualiter
335 755 401 794 eum
423 735 567 810 possidet,
589 735 707 793 scilicet
728 735 846 792 virtute
869 734 974 792 morali
996 737 1074 792 iuris
1095 737 1144 792 sui
1165 735 1221 813 (1).

266 835 318 893 Ad
338 835 367 894 3.
391 833 468 893 Esse
489 837 645 911 proprium
665 833 829 892 charitatis
850 843 887 892 ut
920 843 1081 892 succurrat
1104 837 1204 910 potius
1229 835 1286 892 toti
1318 852 1364 892 so·

186 937 293 994 cietati
313 953 405 1010 quam
427 936 533 1010 paucis
557 931 736 1005 individuis
772 939 804 992 et
834 931 1013 1009 praesertim
1045 945 1082 991 ut
1105 931 1253 990 detondet
1274 935 1365 990 inno·

185 1039 290 1092 centes
311 1053 329 1090 a
351 1034 447 1090 noxis.
471 1029 569 1089 «Non
590 1036 758 1089 eetcontrs
771 1029 1039 1088 mansuetudinem
1054 1030 1223 1101 Ecclesiae,
1238 1031 1360 1088 aitBec

187 1132 349 1205 larmirus,
384 1128 423 1186 de
445 1127 529 1185 Laic.
551 1126 604 1186 lib.
625 1127 655 1200 3,
677 1145 702 1184 c.
724 1127 763 1184 22
797 1127 835 1185 ad
857 1125 951 1199 XVI,
975 1129 1049 1202 qnia
1073 1133 1197 1185 tenetur
1222 1127 1364 1184 misereri

184 1225 316 1285 filiorum
351 1245 483 1296 suorum,
505 1233 537 1282 et
558 1233 632 1284 tunc
652 1244 724 1282 vere
746 1226 874 1283 immitis
894 1233 927 1282 et
949 1223 1081 1282 crudelis
1102 1229 1185 1283 esset
1206 1226 1231 1282 si
1255 1223 1362 1282 mallet

185 1341 308 1399 parcere
329 1323 411 1400 lupis
432 1341 524 1398 quam
544 1322 654 1380 ovibus
674 1343 692 1378 a
715 1323 761 1398 (2)
765 1365 812 1380 .....

277 1440 330 1504 44.
355 1437 534 1504 senonen.
562 1477 603 1486 -
628 1439 686 1512 De
709 1440 913 1513 Trlbunall
942 1439 1228 1527 inquisitionis.

277 1545 456 1629 Ecclesiae,
491 1554 531 1610 ut
565 1547 882 1630 demonstravimus,
918 1543 1080 1632 competit
1112 1545 1164 1609 ins
1187 1545 1361 1630 infligendi

186 1673 310 1738 poenas
333 1653 543 1738 temporales,
578 1661 614 1718 'et
636 1651 776 1737 proinde
798 1674 923 1738 poenes
945 1651 1179 1738 pecuniarias,
1215 1651 1364 1736 publica-

187 1759 314 1824 tionem
338 1759 510 1842 bonorum,
548 1760 798 1845 relegationem,
832 1758 982 1844 exilium,
1017 1781 1193 1841 carcerem,
1218 1758 1365 1844 fustiga-

186 1865 314 1930 tionem
336 1872 371 1930 et
392 1865 494 1930 etiam
530 1887 652 1952 poenas
675 1864 806 1950 cepitis.
847 1867 1031 1956 Nuqquam
1069 1874 1184 1930 tamen
1218 1887 1278 1929 usa
1313 1874 1364 1930 est

187 1993 294 2058 poena
317 1972 463 2056 capitali,
496 1993 556 2036 nec
579 1971 803 2056 mutilatione,
838 1993 945 2056 neque
968 1970 1190 2036 atrocioribus
1214 1971 1363 2038 vexatio-

187 2077 288 2144 nibus
310 2085 320 2162 (
346 2083 365 2160 l.
491 2165 494 2170 Ι

279 2187 346 2252 Sed
371 2187 444 2252 heic
467 2194 584 2252 contra
618 2193 659 2250 ut
681 2185 832 2251 terribile
858 2192 1028 2271 spectrum
1062 2185 1158 2250 nobis
1181 2186 1224 2250 ab
1248 2186 1364 2252 adver·

187 2293 283 2358 sariis
308 2291 467 2358 obiicitur
491 2291 643 2358 tribunal
667 2291 916 2378 Inquisitionis.
934 2291 1090 2357 Breviter
1111 2289 1222 2376 igitur
1246 2291 1364 2358 viden—

187 2399 270 2464 dnm
294 2399 335 2464 de
358 2399 431 2465 eius
455 2399 594 2485 origine,
618 2399 693 2464 iure
714 2398 880 2464 existendi
905 2406 939 2464 et
961 2399 1061 2466 modo
1083 2399 1295 2484 procedendi.

276 2526 329 2590 45.
357 2523 475 2610 Origo
494 2565 535 2574 -
552 2524 736 2610 Inquisitio
750 2531 791 2590 ut
806 2524 959 2590 tribunal
974 2524 1051 2590 fidei
1067 2524 1179 2610 coepit
1194 2547 1248 2590 an.
1265 2527 1361 2608 1281,

188 2653 291 2716 quum
310 2631 500 2697 Concilium
514 2633 707 2697 Veronense
722 2630 903 2717 Episcopis
919 2630 1176 2716 Longobcrdiae
1190 2631 1364 2716 praecepit

260 2861 343 2917 Hinc
363 2863 491 2918 diluitur
512 2863 605 2917 etiarn
625 2861 747 2917 sofisma
774 2863 917 2918 Vincentli
942 2865 1070 2932 Bolpeni,
1090 2861 1166 2930 (cn.
1187 2880 1234 2933 op.
1255 2863 1311 2916 Dei
1328 2863 1362 2914 li·

188 2950 255 3006 miti
276 2952 357 3006 della
379 2953 505 3024 podestia
524 2952 597 3006 eccl,
625 2949 767 3020 ecivilc)
800 2952 851 3022 qni
882 2949 1052 3005 affirmabat
1082 2952 1253 3006 Ecclesiam
1274 2967 1362 3022 posse

187 3047 307 3096 tantum
339 3059 453 3113 poenas
485 3041 599 3097 inferre
627 3039 794 3095 auferendo
827 3041 907 3094 bona
939 3059 1016 3112 quse
1042 3041 1109 3113 ipsa
1128 3041 1222 3106 dedit,
1243 3040 1363 3096 scilicet

188 3130 374 3202 spiritualia.
394 3133 470 3186 Nam
494 3131 634 3184 Ecclesia
654 3135 701 3183 est
714 3129 846 3184 societas
860 3131 1015 3184 hominum
1030 3138 1181 3202 quatenus
1201 3131 1286 3201 ipsae
1298 3147 1361 3201 per-

187 3233 281 3270 sonae
296 3216 323 3271 ei
339 3215 564 3282 adscribuntur,
575 3233 642 3270 cnm
656 3221 720 3268 tota
734 3232 789 3268 sua
810 3213 970 3268 activitate
984 3222 1015 3268 et
1028 3215 1170 3269 omnibus
1185 3216 1249 3269 suis
1264 3214 1363 3270 bonis

189 3302 251 3358 eft.
272 3307 431 3377 Cavapnr's,
452 3323 499 3376 op.
518 3306 569 3359 cit.
588 3304 612 3370 I,
633 3323 661 3360 n.
679 3305 744 3359 232.

260 3411 300 3480 (1)
320 3409 387 3466 Hoc
408 3429 500 3466 sensu
519 3411 673 3482 explicant
694 3410 759 3465 DD.
779 3411 878 3464 locum
899 3413 999 3465 Lucae
1019 3412 1121 3476 XXII,
1141 3411 1176 3464 35
1197 3431 1211 3459 «
1232 3408 1362 3463 Domine

187 3517 257 3555 ecce
278 3501 337 3554 dno
357 3499 456 3570 gladii
471 3519 487 3550 ,s
507 3500 652 3554 docentes
672 3498 702 3552 in
724 3499 764 3552 iis
784 3499 904 3552 duobus
922 3497 1037 3568 gladiis
1058 3498 1210 3569 duplicem
1229 3507 1361 3569 poteste-

186 3595 248 3644 tem
269 3589 429 3644 Ecclesiae
448 3589 611 3660 figuratam
631 3606 708 3644 esse.
728 3588 778 3642 Ita
798 3605 844 3645 ex.
865 3605 910 3658 gr.
930 3591 1115 3656 Bernartius
1134 3587 1178 3660 (in
1199 3588 1252 3643 lib.
1267 3587 1310 3641 IV
1325 3589 1362 3642 de

186 3679 310 3735 Oonsid.
330 3697 356 3734 c.
378 3678 433 3748 IV)
453 3687 483 3733 et
504 3679 678 3747 Bonifacias
697 3676 775 3731 VIII
804 3677 836 3731 in
858 3678 939 3733 Coet.
968 3697 984 3730 «
1009 3681 1107 3734 Unam
1125 3683 1263 3734 sanciam
1284 3697 1308 3744 »,
1330 3685 1360 3732 et

185 3767 272 3838 prius
292 3767 360 3821 Inn.
379 3767 439 3821 Ill.

256 3875 298 3947 (2)
317 3875 385 3930 Hac
404 3875 441 3930 de
461 3893 493 3930 re
514 3875 645 3946 legenda
664 3877 822 3946 departiri
849 3876 941 3930 verba
956 3875 987 3928 in
1004 3875 1073 3930 libr.
1093 3882 1198 3930 contra
1219 3875 1361 3946 Fulgent.

184 3965 342 4021 Donatist.
360 3983 384 4020 c.
402 3967 446 4033 23,
466 3967 502 4034 V,
523 3983 588 4019 can.
608 3966 652 4034 13,
672 3965 713 4032 14,
737 3966 777 4031 16,
797 3982 823 4020 c.
842 3966 891 4034 23,
907 3983 934 4036 q.
953 3967 980 4020 8.

258 4072 299 4144 (3)
320 4071 382 4128 Ofr.
407 4075 560 4139 Vanacini,
581 4070 696 4126 Diritto
716 4073 821 4143 pubbl.
840 4073 913 4127 eccl.
934 4073 993 4126 vol.
1014 4073 1038 4138 2,
1060 4091 1129 4143 pag.
1149 4073 1205 4127 310
1225 4081 1255 4126 et
1270 4089 1362 4142 seqq.;

185 4166 340 4229 Nanaclli,
362 4161 437 4218 eius
457 4163 562 4232 pubbl.
581 4162 663 4232 eccl„
682 4163 741 4215 vol.
760 4165 785 4229 2,
806 4181 875 4234 pag.
896 4163 947 4217 185
967 4169 997 4216 et
1017 4180 1099 4234 seqq.

267 4287 399 4332 Munnsiri
414 4311 439 4320 -
455 4287 574 4332 li'lcmwta
589 4287 651 4328 iuris
664 4284 717 4329 eccl.
729 4285 795 4338 publ.
810 4289 832 4328 et
842 4287 947 4339 privati.
1268 4287 1282 4329 5
