3198 4898
328 267 383 322 316

423 392 496 456 149.
536 391 759 460 Diminutio
799 392 952 459 beneficii
978 392 1149 478 contingit
1171 415 1277 479 quum
1300 391 1493 458 beneficium

334 499 390 564 vel
415 498 632 565 beneficiatus
666 498 781 584 aliquo
803 522 904 566 onere
927 499 1009 566 reali
1034 500 1089 565 vel
1123 499 1293 586 personali
1325 507 1491 584 gravatur

329 612 392 670 aut
415 605 594 672 collatione
618 629 696 692 pars
719 605 893 672 redituum
915 605 1163 674 beneficialium
1185 629 1274 672 novo
1289 605 1492 672 beneficiario

329 711 555 779 subtrahitur.

421 820 531 886 Onera
555 823 745 906 personalia
769 827 909 908 possunt
944 843 1015 886 esse
1048 823 1247 906 spiritualia
1270 828 1309 886 ut
1333 843 1367 886 ν.
1393 843 1442 905 gr.
1470 817 1490 882 si

329 925 470 992 iubetur
493 927 656 994 adiuvare
678 927 862 1014 parochum
887 928 924 992 in
937 927 1162 1013 concionibus,
1180 926 1414 993 catechesibus
1429 931 1489 1005 etc.;

330 1034 386 1098 vel
412 1037 620 1122 temporalia,
656 1034 685 1100 si
708 1041 881 1120 praestare
903 1033 1042 1100 iubetur
1068 1041 1200 1120 partem
1234 1033 1414 1099 fructuum
1445 1031 1490 1096 sed

329 1139 373 1204 ad
397 1139 469 1205 dies
493 1140 596 1225 vitae,
621 1143 704 1226 quin
727 1140 923 1228 obligentur
945 1163 1161 1208 successores.
1185 1140 1289 1207 Secus
1313 1163 1399 1206 onus
1437 1136 1489 1202 erit

330 1247 421 1312 reale
445 1247 595 1314 afficiens
619 1247 732 1333 ipsum
756 1248 956 1314 beneficium
988 1251 1047 1335 (1).

421 1356 519 1421 Inter
542 1378 644 1422 onera
668 1354 772 1424 realia
794 1355 1017 1442 praecipuum
1039 1355 1151 1422 locum
1173 1361 1268 1420 tenet
1290 1355 1422 1420 Pensio.
1543 1346 1544 1419 Ϊ

424 1465 499 1529 150.
526 1463 674 1531 Pensio
691 1463 863 1530 definitur:
886 1463 940 1530 ius
955 1461 1058 1528 alicui
1074 1483 1267 1528 concessum
1290 1455 1487 1547 percipiendi

328 1571 521 1655 portionem
545 1570 695 1656 aliquam
719 1569 896 1638 fructuum
918 1594 960 1636 ex
983 1569 1093 1635 alieno
1117 1569 1289 1652 beneficio,
1308 1569 1352 1634 ad
1370 1575 1488 1650 tempus
1542 1563 1543 1642 ]

329 1676 386 1741 vel
410 1675 445 1741 in
469 1684 680 1764 perpetuum.
705 1678 879 1744 Romanus
901 1676 1064 1743 Pontifex
1079 1697 1309 1760 quascumque
1327 1674 1486 1761 pensiones
1542 1655 1543 1688 Υ

327 1782 503 1868 imponere
526 1791 646 1868 potest,
672 1785 743 1850 sive
765 1785 966 1870 temporales
990 1782 1062 1849 sive
1092 1790 1275 1869 perpetuas
1313 1783 1353 1848 in
1391 1778 1487 1848 omnia
1542 1799 1543 1848 ξ

328 1890 410 1955 eccl.
435 1889 599 1956 beneficia
622 1890 748 1976 absque
771 1891 842 1956 ulla
865 1889 1062 1976 exceptione
1085 1892 1141 1972 (2).
1542 1977 1543 1980 Ἴ

420 1996 536 2074 Quoad
560 2017 640 2061 vero
663 2004 865 2081 potestatem
888 1995 1050 2081 Episcopi
1074 1996 1138 2060 hac
1160 1995 1198 2060 in
1221 2017 1257 2060 re
1289 1994 1485 2078 distinguer·
1542 1993 1543 2000 Υ

328 2101 393 2167 dae
415 2103 592 2187 pensiones
628 2106 825 2187 temporales
848 2125 870 2168 a
903 2103 1087 2187 perpetuis,
1112 2101 1289 2187 pensiones
1328 2104 1375 2167 ad
1398 2102 1484 2166 eitam

324 2211 463 2296 pracati
486 2212 537 2276 cel
561 2212 607 2274 od
630 2211 736 2276 eitam
755 2211 975 2294 portionarii.
1082 2290 1085 2295 Ι

419 2317 600 2382 Pensiones
619 2325 803 2402 perpetuae
825 2316 998 2404 imponere
1020 2303 1148 2401 nequit,
1166 2315 1247 2402 quia
1261 2338 1330 2381 non
1347 2313 1482 2382 afficiunt

329 2444 499 2508 personae,
524 2425 580 2488 sed
605 2423 814 2507 beneficium,
839 2421 981 2508 ideoque
1002 2421 1116 2507 ipsum
1139 2421 1299 2486 minuunt
1323 2415 1480 2488 contrat.

326 2537 365 2596 ut
396 2537 546 2596 nostrum
581 2552 647 2615 quo
671 2529 836 2596 statuitur
858 2527 1020 2594 beneficia
1043 2527 1121 2600 sine,
1154 2527 1395 2594 diminuitione
1426 2545 1480 2590 esse

296 2709 299 2713 .
327 2637 532 2703 conferenda
554 2643 565 2719 l
590 2641 609 2720 ).
675 2642 678 2649 “
1176 2629 1186 2638 ”

422 2747 649 2830 Temporcceo
672 2749 707 2808 et
729 2741 906 2829 pensiones
932 2745 979 2807 cd
1017 2745 1122 2808 cilone
1153 2744 1290 2829 pracati
1328 2741 1480 2826 imponere

327 2859 440 2938 potest
462 2859 538 2916 tuta
560 2849 766 2918 conscientie
788 2857 822 2914 et
844 2848 1048 2916 auctoritate
1071 2871 1132 2916 sua
1156 2849 1328 2916 ordinaria
1353 2850 1407 2933 (4).

418 2959 473 3024 Ad
497 2957 672 3043 pensiones
696 2964 810 3022 autem
833 2959 880 3022 ad
917 2958 1023 3022 citam
1041 2957 1252 3042 pensionarii
1293 2956 1383 3042 quod
1416 2946 1479 3018 atti-

326 3073 396 3151 net,
421 3064 573 3150 quaestio
595 3073 646 3130 est
668 3063 759 3130 inter
782 3063 993 3130 Oanonistaa‘

418 3172 491 3238 Alii
522 3179 640 3238 tenent
678 3169 886 3257 Episcopum
924 3169 1097 3236 ordinaria
1133 3176 1300 3255 potestate
1338 3191 1398 3236 nec
1431 3181 1477 3250 pro

399 3425 437 3494 (l)
459 3421 520 3478 Ofr.
538 3424 671 3489 Aietou,
693 3439 719 3492 p.
737 3422 799 3490 22&
823 3422 934 3489 Wernz,
955 3421 995 3489 ΙΙ,
1016 3441 1044 3478 n.
1062 3423 1125 3478 320.

399 3532 440 3600 (2)
461 3534 631 3596 Laurentes,
654 3527 731 3583 Pars
750 3527 809 3594 ΙΙΙ,
829 3534 903 3584 sect.
921 3529 945 3596 I,
963 3547 987 3584 c.
1002 3529 1053 3597 IV,
1069 3547 1145 3586 sess.
1169 3530 1231 3586 443.
1256 3530 1336 3585 ltem
1356 3525 1475 3586 Bartae

327 3623 417 3679 Oard.
435 3623 587 3690 De-Lucc;
607 3623 742 3684 Garoias,
762 3623 819 3673 etc.

398 3725 694 3800 (3)Decret.1.111,
726 3725 762 3779 de
793 3725 975 3795 praebendis
996 3728 1020 3788 5,
1040 3745 1064 3781 e.
1083 3731 1166 3796 XXI;
1195 3726 1301 3782 Const.
1327 3728 1357 3784 S.
1386 3723 1426 3780 Pii
1449 3713 1474 3769 Υ·

242 3856 245 3862 -
326 3840 342 3873 c
363 3821 565 3876 Intolerabile
584 3836 610 3885 »;
629 3817 658 3872 S.
677 3815 789 3886 congr.
808 3813 899 3870 Ocno.
919 3815 950 3870 in
971 3816 1065 3871 Laod.
1085 3816 1148 3872 Cfr.
1167 3818 1366 3884 Manaccrda
1381 3829 1419 3884 op.
1435 3811 1472 3859 cll·

326 3927 354 3964 u.
370 3909 433 3964 594.

395 4018 432 4082 (l)
452 4017 722 4086 &mahometem
755 4021 826 4069 tom.
851 4013 910 4082 ΙΙΙ,
929 4032 957 4085 p.
978 4013 1002 4076 Ι.
1024 4013 1071 4076 tit,
1092 4014 1164 4082 XII,
1186 4031 1215 4068 n.
1235 4015 1261 4082 63
1281 4000 1469 4070 secaslsauelt

325 4107 366 4174 11,
386 4125 416 4163 n.
433 4107 497 4161 243.
