3198 4898
347 329 435 384 302·

429 453 523 512 Nota
545 486 583 498 ⁴-
604 453 650 512 De
684 455 860 530 receptione
887 452 1038 514 sodalium
1071 455 1104 510 in
1130 451 1316 520 confratres,
1340 451 1381 509 de
1405 451 1516 508 iuribus

346 560 380 610 at
401 551 576 628 privilegiis
598 549 775 610 earumdem
796 549 1091 610 confraternitatum
1123 568 1180 608 nec
1213 569 1274 608 non
1299 549 1338 608 de
1360 547 1515 624 obligatio-

347 649 440 708 nibus
472 647 624 706 sodalium
645 646 836 706 attendenda
858 657 978 706 statuta
999 650 1126 724 propria
1147 645 1447 706 confraternitatum
1470 647 1514 720 tl).

410 766 512 840 1133.
537 764 589 828 De
612 761 775 830 relatione
808 763 954 848 denique
978 762 1299 828 confraternitatum
1334 761 1378 826 ad
1404 761 1513 845 guber·

345 869 451 954 nium,
477 891 554 934 cum
578 869 618 936 cl.
644 867 795 934 Aiohner
819 871 863 952 (2)
898 867 1201 936 animadvertimus
1233 868 1322 954 quod
1348 894 1368 927 a
1386 866 1512 932 eaodem

327 999 425 1042 ,cum
449 975 650 1042 admissione
687 975 861 1042 Ecclesiae
894 976 935 1042 de
970 975 1044 1042 iure
1079 975 1209 1062 pariter
1236 974 1375 1041 admitti
1402 973 1513 1038 debent

348 1093 522 1170 tamquam
557 1083 816 1170 corporationes,
851 1085 907 1150 vel
940 1084 1059 1150 saltem
1083 1093 1257 1168 tamquam
1282 1081 1358 1169 piae
1383 1079 1513 1146 associa·

346 1191 455 1257 tiones
478 1213 554 1256 cum
576 1189 651 1256 iure
675 1190 872 1274 acquirendi
899 1191 986 1258 bona
1009 1191 1046 1256 in
1069 1189 1142 1256 foro
1165 1189 1269 1255 civili.
1305 1187 1415 1253 Proin
1449 1209 1512 1252 con-

348 1297 493 1363 trarium
517 1305 568 1362 est
591 1296 667 1376 iuri,
684 1296 981 1364 confraternitates
1004 1299 1200 1382 saeculares,
1225 1295 1404 1362 subiacere
1427 1292 1513 1358 nutui

348 1405 525 1489 potestatis
559 1403 681 1470 civilis.
719 1403 820 1468 Oerte
854 1405 936 1472 haec
970 1404 1027 1491 pia
1051 1404 1209 1472 sodalitia
1241 1401 1436 1489 periculum
1458 1422 1512 1464 uon

346 1519 464 1579 creant
480 1511 529 1576 rei
553 1510 648 1576 civili
675 1513 958 1598 quemadmodum
973 1511 1150 1579 societates
1166 1510 1333 1596 quaedam
1350 1507 1509 1595 politicae,

347 1642 434 1704 quae
458 1619 679 1686 nihilominus
696 1619 929 1688 liberalissime
945 1623 1187 1687 admittuntur.
1212 1621 1260 1686 Et
1275 1619 1433 1706 profecto
1448 1639 1511 1682 cou-

347 1725 583 1818 fraternitates
606 1725 643 1792 in
666 1726 826 1792 civilibus
864 1727 1047 1794 territoriis
1072 1729 1114 1794 ad
1137 1750 1307 1794 summum
1331 1727 1511 1792 tolerantur

347 1841 387 1898 ut
410 1833 580 1919 simplices
614 1833 860 1918 associationes,
885 1859 952 1902 non
977 1859 1056 1902 vero
1079 1834 1217 1902 admitti
1241 1835 1351 1901 solent
1377 1832 1429 1898 uti
1453 1853 1510 1895 cor-

346 1940 539 2034 perationes
569 1939 697 2006 iurium
732 1942 1015 2026 acquirendorum
1050 1965 1197 2029 capaces,
1235 1940 1300 2006 nisi
1337 1949 1420 2006 actu
1453 1961 1510 2023 spe-

347 2047 425 2112 ciali
448 2047 637 2112 declaratae
660 2056 740 2112 sunt
763 2071 822 2114 ceu
847 2051 1095 2134 corporationes
1119 2077 1149 2114 a.

436 2152 478 2216 Iu
500 2152 612 2236 Italia,
648 2153 723 2238 lege'
759 2157 800 2219 17
823 2153 905 2224 Iulii
931 2157 1018 2220 1890
1055 2158 1176 2222 «sulla
1199 2176 1294 2240 opere
1316 2155 1380 2238 pic
1404 2179 1422 2214 a
1446 2172 1508 2215 con·

346 2257 578 2334 fraternitates
594 2259 861 2344 aequiparantur
883 2260 959 2326 aliis
981 2260 1256 2328 institutionibus
1279 2255 1509 2324 beneficentias

271 2391 273 2397 ·
346 2372 381 2430 et
405 2365 640 2430 transformari
664 2374 804 2451 possunt
822 2391 927 2452 quum
945 2391 1060 2434 eorum
1086 2370 1163 2436 finis
1178 2367 1322 2452 deficiat,
1342 2367 1400 2433 vel
1419 2383 1508 2448 quum

346 2478 487 2558 propter
524 2493 640 2536 eorum
675 2473 776 2538 finam
811 2475 852 2540 ad
887 2475 1057 2559 publicam
1094 2475 1351 2544 beneficentiam
1377 2468 1507 2558 amplius

346 2601 414 2645 ncn
438 2586 650 2663 concurrant,
676 2581 729 2644 vel
753 2580 781 2645 si
805 2600 1075 2666 supervacaneae
1098 2583 1246 2650 evadant
1269 2583 1322 2666 (3).

346 2781 444 2828 tatum
465 2774 567 2829 forsan
587 2773 689 2844 factis,
710 2777 880 2838 concordiis
901 2777 980 2832 inter
1000 2787 1101 2850 partes
1123 2779 1218 2845 initis,
1239 2789 1270 2833 et
1289 2799 1305 2833 a
1325 2781 1356 2836 S.
1377 2781 1453 2837 Sede
1467 2797 1505 2846 ap·

348 2864 494 2934 probatis,
521 2863 649 2918 indultis
669 2871 699 2916 st
718 2866 989 2920 constitutionibus
1001 2868 1204 2938 synodalibus
1218 2885 1252 2922 ac
1266 2869 1504 2939 provincialibus,

345 2953 621 3006 consuetudinibus
647 2953 940 3010 immemorabillbus
960 2957 1008 3010 vel
1029 2957 1138 3010 saltem
1159 2957 1346 3010 centenariis
1368 2981 1393 3012 2.

418 3063 456 3130 (l)
477 3060 540 3118 Cir.
562 3063 672 3129 Warnz,
702 3061 759 3127 ill,
792 3063 812 3117 l.
840 3081 873 3130 c.;
904 3065 946 3118 M.
966 3065 1115 3126 De·Lucu‚
1137 3065 1177 3131 ll,
1208 3065 1316 3131 seen
1340 3070 1503 3130 dishnaup-

346 3151 408 3218 512;
424 3151 548 3205 Ferrurt
569 3151 627 3205 Ios.
652 3149 678 3212 Ι,
699 3167 725 3221 p.
743 3151 797 3205 ‘255
816 3167 908 3222 seqq.;
936 3153 1059 3212 Nasoni,
1092 3153 1115 3218 l,
1138 3154 1350 3224 n.2·21seqq.;
1371 3154 1499 3210 Sebosus·

346 3243 426 3305 nelli,
447 3257 474 3294 n.
494 3239 557 3294 369.

418 3345 459 3416 (2)
479 3345 534 3415 Op.
552 3345 604 3400 cit.

417 3455 455 3524 (3)
476 3455 516 3508 Et
535 3453 657 3526 insuper
673 3455 835 3509 adnotatur
855 3455 934 3526 quod
960 3455 1013 3510 ubi
1030 3455 1113 3527 ipsae
1137 3455 1360 3526 ‹provvedano
1384 3457 1412 3512 al
1434 3454 1500 3508 culto

346 3545 520 3600 necessario
549 3544 585 3596 ad
605 3559 667 3596 uua
697 3543 895 3614 popolaaione
915 3561 932 3597 o
952 3543 1016 3614 agli
1037 3543 1136 3598 editici
1158 3545 1324 3598 necessarii
1347 3547 1377 3600 al
1398 3545 1498 3600 cultoo

346 3635 439 3704 degni
460 3633 490 3687 di
515 3649 615 3687 essere
647 3633 828 3699 conservati,
861 3633 971 3688 cotesti
992 3633 1056 3688 loro
1076 3632 1129 3686 fini
1150 3651 1289 3703 rangono
1309 3631 1499 3690 mentenuti'e

344 3725 531 3778 continuano
560 3721 793 3791 aprovvedervi
815 3721 842 3776 le
862 3720 1080 3778 co'nfrarernite
1106 3722 1269 3789 medesima
1291 3723 1330 3777 od
1349 3725 1429 3780 altra
1446 3716 1496 3774 isti·

345 3813 466 3868 tutione
487 3811 535 3866 del
567 3811 658 3881 luogo
687 3811 748 3864 alla
768 3810 856 3882 quale
877 3811 963 3866 siano
984 3819 1063 3866 state
1083 3811 1245 3866 attribuite
1266 3812 1294 3866 le
1315 3813 1432 3868 rendite
1449 3823 1497 3862 cor·

345 3900 537 3972 rispondenti
558 3899 619 3971 agli
641 3899 726 3954 oneri
754 3901 801 3954 dal
822 3899 904 3954 culto
925 3919 949 3954 ».
969 3899 1031 3956 cfr.
1055 3901 1193 3967 noadaia,
1227 3901 1343 3956 Diritto
1373 3893 1497 3956 Ecclvi·

345 3999 437 4062 genta
458 3990 488 4044 in
507 3989 611 4056 Italia,
632 3989 698 4045 Vol.
719 3990 742 4057 Ι,
763 4008 827 4061 cap.
841 3989 899 4057 III,
919 3987 939 4062 ἓ
958 3990 982 4056 9,
1004 4007 1032 4044 n.
1053 3991 1106 4046 180
1125 3989 1235 4057 sexies3
1256 3991 1385 4058 croceio,
1404 3985 1496 4060 opcit·

345 4083 404 4139 vol.
424 4080 464 4141 ΙΙ,
486 4079 593 4136 11564.
