3220 4898
296 345 297 350 ¹
325 355 380 408 264

104 541 109 588 2
145 523 147 526 ·
240 563 241 566 ,
326 494 456 560 scilicet
489 516 557 560 non
586 494 694 560 solum
724 493 864 560 ecclesia
898 495 955 559 sed
985 501 1019 559 et
1041 494 1188 580 populus
1219 491 1382 558 eximitur
1406 513 1427 556 a
1451 489 1500 554 iu-

326 601 521 667 n'sdietione
544 600 705 686 Episcopi
734 609 768 667 et
790 599 972 666 subiicitur
995 623 1132 686 prorsus
1155 599 1368 666 monasterio
1411 597 1501 663 Hine

326 708 547 774 constituitur
569 708 780 776 territorium
819 716 1014 794 separatum
1041 716 1076 774 et
1098 708 1239 774 ecclesia
1262 709 1400 772 nullius.
1428 707 1500 772 Hoc

324 816 362 881 in
386 839 464 882 casu
487 817 574 883 nihil
609 825 721 902 potest
756 817 954 902 Episcopus,
993 817 1050 882 sed
1087 817 1255 902 parochus
1289 823 1363 880 tum
1388 814 1501 900 quoad

324 922 587 1007 institutionem,
622 922 863 989 correctionem
892 931 927 988 et
950 922 1192 1005 visitationem,
1217 929 1292 986 tum
1315 922 1428 1006 quoad
1454 943 1500 984 re·

325 1032 510 1098 motionem
532 1056 552 1097 a
575 1031 732 1096 Praelata
763 1030 913 1116 regulari
937 1031 1063 1116 pendet
1086 1036 1096 1114 (
1121 1035 1145 1112 )..

416 1139 469 1204 91.
491 1138 528 1204 Si
553 1161 634 1204 vero
663 1138 803 1204 ecclesia
837 1161 946 1223 neque
969 1139 1079 1223 quoad
1103 1137 1233 1203 reditus
1257 1159 1365 1222 neque
1389 1135 1500 1220 quoad

325 1245 547 1310 directionem
570 1244 783 1330 spiritualem
805 1268 864 1310 seu
880 1245 1072 1310 animarum
1087 1267 1204 1310 curam
1227 1243 1330 1309 alicui
1355 1265 1500 1309 conven-

325 1353 379 1418 tui
403 1353 521 1417 unitur
553 1361 588 1418 et
610 1376 630 1417 a
653 1354 799 1438 parocho
832 1353 981 1438 regulari
1021 1353 1162 1438 regitur,
1203 1361 1285 1418 tunc
1309 1349 1500 1416 visitationi

326 1459 510 1546 episcopali
534 1460 693 1526 subiacet.

417 1567 588 1632 Parochus
615 1574 729 1632 autem
764 1566 932 1653 regularis
955 1566 1111 1632 omnibus
1135 1566 1263 1651 regulis
1287 1572 1436 1648 tenetur,
1460 1564 1500 1628 iis

326 1675 476 1759 exceptis
513 1695 599 1759 quae
631 1674 780 1739 officium
818 1673 1019 1759 impediunt
1042 1661 1077 1739 et
1099 1672 1306 1759 regulariter
1340 1673 1500 1738 subditur

326 1783 484 1847 Praelato
505 1805 575 1847 suo.
922 1771 924 1776 ’
1022 1771 1025 1777 ¹

417 1887 524 1952 iniis
547 1895 662 1952 tamen
684 1908 770 1971 quae
794 1909 909 1951 curam
934 1885 1126 1952 animarum
1148 1894 1183 1952 et
1210 1894 1498 1953 sacramentorum

328 1993 657 2059 administrationem
677 2001 832 2078 spectant
861 1995 978 2060 subest
994 1994 1174 2080 Episcop03
1190 1989 1274 2058 item
1289 1991 1328 2058 in
1349 1993 1394 2058 iis
1417 2015 1500 2078 quae

327 2101 370 2166 ad
396 2101 547 2186 regimen
584 2101 770 2185 temporale
793 2123 851 2165 seu
882 2123 997 2166 rerum
1019 2100 1259 2186 temporalium
1281 2099 1497 2166 administra·
1570 2155 1571 2158 ,

326 2208 454 2274 tionem
480 2207 662 2293 pertinent.

417 2303 554 2381 Scilicet
577 2315 752 2399 regularis,
782 2315 855 2380 sive
878 2314 1007 2400 praesit
1029 2315 1208 2400 parochiae
1231 2315 1369 2400 proprie
1391 2314 1499 2379 dictae

326 2422 399 2487 sive
423 2419 580 2507 simplici,
597 2430 636 2485 ut
658 2420 765 2504 aiunt,
791 2422 965 2506 missionis,
989 2421 1200 2507 distinguere
1223 2421 1378 2506 apprime
1402 2421 1499 2486 debet

328 2551 414 2612 quae
437 2529 478 2594 ad
496 2528 644 2612 seipsum
674 2549 817 2612 suosque
847 2503 976 2594 sbdales
1006 2538 1162 2614 spectant
1196 2529 1239 2594 ab
1273 2527 1317 2593 iis
1340 2551 1429 2614 quae
1452 2530 1497 2592 in-

329 2637 416 2700 tuitu
450 2637 636 2722 parochiae
659 2637 727 2700 sice
757 2637 924 2700 missionis
962 2636 1092 2701 tributa
1125 2635 1264 2700 fuerint.
1301 2637 1353 2701 De
1381 2635 1498 2722 primis

328 2765 395 2807 non
419 2749 555 2806 tenetur
577 2742 743 2807 rationem
767 2742 907 2806 reddere
940 2743 1118 2826 Episcop0,
1159 2743 1216 2807 sed
1253 2743 1295 2806 de
1323 2741 1496 2810 secundis;

328 2849 378 2912 ita
402 2848 611 2912 declaratum
634 2854 684 2912 est
707 2870 727 2912 a
754 2846 787 2912 S.
813 2848 936 2932 Ocngr.
960 2847 1002 2912 de
1026 2849 1126 2932 Prop.
1165 2847 1250 2912 Fide
1273 2847 1329 2912 ubi
1356 2847 1399 2912 de
1422 2845 1496 2911 mis·

329 2954 479 3020 sionibus
510 2953 698 3039 anglicanis
722 2956 898 3040 agebatur,
922 2964 957 3021 et
980 2955 1062 3020 haec
1084 2955 1208 3021 decisio
1232 2954 1369 3020 transiit
1385 2963 1497 3020 autem
1568 3019 1569 3032 ,

328 3060 365 3125 in
392 3062 444 3126 ius
467 3084 641 3127 commune
665 3064 725 3144 (2).

419 3169 470 3233 92.
496 3168 804 3233 Confraternitates
818 3169 939 3235 locales
952 3169 988 3233 in
1005 3169 1153 3235 ecclesiis
1177 3186 1237 3234 aut
1260 3168 1418 3234 claustris
1435 3168 1494 3232 Re·

328 3275 499 3360 gularium
523 3282 677 3340 extantes
700 3284 840 3360 possunt
866 3277 907 3340 ab
933 3276 1103 3362 Episcopo
1119 3275 1253 3342 visitari
1278 3275 1389 3360 quoad
1413 3276 1492 3340 bona

327 3395 363 3448 et
387 3381 525 3466 redituS,
550 3405 617 3447 non
640 3391 754 3446 tamen
777 3384 887 3467 quoad
910 3383 1083 3449 internum
1107 3384 1260 3469 regimen
1283 3386 1336 3467 (3).

401 3598 443 3666 (1)
461 3596 543 3650 Trid.
563 3595 582 3650 l.
601 3613 627 3650 c.
647 3596 680 3650 P.
701 3597 743 3661 II,
763 3595 852 3662 decr.;
871 3597 915 3652 De
933 3599 1060 3668 Anpelis,
1085 3596 1167 3663 t.11,
1199 3613 1227 3667 p.
1258 3595 1299 3662 II,
1331 3614 1359 3666 p.
1388 3597 1442 3651 208
1469 3599 1495 3647 et

328 3703 420 3758 seqq.;
441 3687 536 3752 Santi,
557 3685 614 3752 III,
634 3686 681 3741 tit.
702 3684 867 3752 XXXVII,
887 3687 920 3740 A.
935 3688 976 3742 M.
997 3689 1128 3749 Ferrari,
1145 3704 1192 3756 op.
1203 3686 1254 3741 cit.
1267 3704 1294 3757 p.
1307 3686 1361 3740 202
1375 3693 1406 3741 et
1420 3699 1493 3753 seqq.

402 3793 440 3861 (2)
461 3795 561 3859 Icard,
594 3809 640 3862 op.
669 3792 720 3846 cit.
753 3782 793 3860 11,
823 3810 842 3846 n
870 3793 933 3857 4063
964 3795 1129 3864 Nerveqna,
1156 3810 1203 3863 op.
1223 3781 1272 3858 cit,
1292 3809 1362 3862 pag.
1384 3793 1443 3847 139.
1462 3789 1491 3842 ln

328 3883 483 3955 praesenti
514 3882 680 3952 disciplina
710 3882 882 3951 Regulares
915 3890 1070 3952 nequeunt
1090 3882 1127 3936 ad
1148 3881 1305 3936 Ecclesiae
1326 3881 1491 3936 saeculares

329 3975 479 4030 nominari
508 3973 622 4044 absque
650 3971 777 4042 speciali
798 3972 907 4026 summi
939 3971 1100 4026 Pontificis
1124 3970 1252 4038 indulto,
1273 3970 1419 4036 exceptis.
1439 3967 1490 4023 nisi
1566 4017 1567 4020 ,

327 4063 430 4118 obstet
449 4080 552 4118 eorum
572 4061 701 4130 Regula,
733 4061 903 4131 Religionis
924 4062 1087 4133 improprie
1107 4061 1208 4129 dictis,
1229 4060 1310 4132 apud
1330 4061 1411 4132 quod
1431 4065 1491 4112 vota
1566 4055 1567 4090 l

327 4153 477 4207 solemnia
497 4170 556 4206 non
577 4152 766 4206 emittuntur.
787 4149 849 4206 cfr.
869 4155 900 4206 A.
925 4153 969 4208 M.
987 4155 1120 4217 Ferrart,
1140 4168 1187 4222 op.
1206 4149 1257 4204 cit.
1276 4167 1346 4222 pag.
1366 4149 1430 4204 203.

401 4263 438 4328 (3)
458 4262 485 4317 S.
506 4263 537 4318 (Ι.
556 4263 590 4316 31
611 4261 668 4314 Iul.
688 4261 757 4315 1637
778 4267 808 4315 et
829 4262 861 4314 16
880 4258 956 4318 Nov.
978 4260 1057 4315 1646.
1085 4259 1147 4316 Ofr.
1169 4261 1309 4326 Ritaurri,
1330 4257 1453 4315 collect
1471 4253 1491 4316 l·

330 4369 358 4422 p.
376 4351 428 4404 227
449 4350 477 4406 ei
497 4351 540 4421 II,
560 4368 587 4421 p.
605 4350 668 4404 249.
1178 4345 1182 4354 ’
