3234 4902
696 602 716 676 ἐξ
740 595 785 661 ΙΙ.

578 796 618 844 De
638 793 700 845 iure
720 793 924 844 immunitate.

288 971 333 1051 A>
358 973 410 1036 De
431 971 654 1036 immanitatis
677 978 813 1036 natura.

213 1179 216 1184 ,
243 1114 296 1178 58.
320 1113 523 1178 hnmanitas
534 1112 704 1177 definitur:
724 1141 739 1170 s
753 1110 937 1197 Exemptio
953 1135 973 1177 e
988 1111 1076 1178 laice
1093 1111 1329 1178 iurisdictione

150 1227 348 1305 competens
369 1217 521 1304 personis
543 1215 780 1284 ecclesiasticis
804 1226 838 1284 et
862 1218 962 1284 rebus
987 1219 1149 1304 ipserum,
1174 1242 1236 1285 nec
1260 1242 1329 1286 non

149 1325 304 1394 ecclesiis
327 1334 362 1392 et
385 1325 462 1392 eliis
493 1325 575 1392 locis
597 1325 664 1412 piis
688 1355 702 1384 »
732 1329 792 1409 (1).

243 1435 299 1499 Ex
323 1433 518 1500 definitione
541 1433 668 1520 triplex
691 1433 919 1520 distinguitur
954 1433 1162 1517 immunitus,
1199 1433 1329 1500 scilicet

146 1543 349 1630 permeatis,
375 1543 485 1626 realis,
512 1544 637 1608 localis.

244 1649 296 1714 59.
321 1651 375 1716 Ex
392 1651 564 1734 personati
587 1656 735 1734 quatuor
751 1647 936 1734 privilegia
953 1647 1086 1714 clericis
1109 1648 1328 1734 proveniunt:

152 1753 375 1844 privilegium
397 1756 476 1841 fori,
501 1757 645 1846 caaoaa's,
671 1756 900 1840 coemptionis,
927 1757 1172 1839 competentiae.

242 1864 269 1928 I.
295 1864 515 1950 Piiotleyicm
537 1866 607 1950 sori
630 1886 697 1948 quo
721 1851 841 1929 ‘clerici
867 1863 1040 1929 conveniri
1077 1869 1251 1948 nequeunt
1275 1884 1328 1929 co·

151 1993 228 2037 rem
251 1969 364 2035 iudice
379 1970 466 2035 leico
480 1969 517 2035 in
533 1969 642 2035 causis
657 1969 729 2036 sive
746 1969 906 2036 civilibus
925 1969 998 2035 sive
1019 1967 1254 2036 criminalibus
1270 1971 1326 2052 (2).
1431 2009 1439 2036 .·

227 2223 267 2292 (1)
290 2220 470 2275 lmmunitee
490 2220 578 2292 quasi
599 2221 719 2274 vacatio
739 2239 756 2275 e
776 2237 900 2275 munere
922 2227 1012 2291 prout
1032 2237 1141 2275 munus
1162 2221 1243 2276 inter
1266 2223 1328 2278 alia

152 2309 311 2382 significet
330 2326 407 2364 anne
426 2309 514 2364 cuius
534 2309 675 2366 remissio
696 2325 750 2364 seu
771 2307 917 2364 liberatio
937 2308 1162 2364 immunitatem
1183 2319 1327 2381 praestet.

90 2455 94 2464 ,
154 2403 189 2456 L.
209 2401 322 2455 Munus
341 2396 374 2453 ff.
393 2398 429 2452 de
449 2397 484 2453 V.
503 2397 531 2453 S.
551 2404 581 2452 et
602 2397 636 2452 ΙΙ,
656 2397 671 2450 Ι
692 2398 728 2452 de
749 2397 806 2451 iur.
827 2397 929 2462 imm.;
948 2395 1004 2452 cfr.
1023 2399 1158 2464 Delbeae,
1181 2399 1223 2453 De
1245 2399 1329 2456 imm.

148 2495 185 2544 et
207 2487 317 2544 iuried.
334 2487 504 2556 Ecclesiae,
524 2486 559 2540 P.
579 2487 602 2552 Ι,
623 2506 647 2542 c.
669 2489 691 2553 l,
714 2505 742 2541 n.
764 2489 786 2542 l.

223 2579 265 2648 (2)
286 2577 359 2648 (lep.
378 2581 499 2639 Nullas.
510 2579 536 2645 2,
548 2579 585 2632 (le
598 2578 665 2632 foro
685 2596 799 2649 oomp.;
820 2577 892 2649 (lep.
912 2581 1044 2634 Ecclesia
1059 2580 1189 2635 Sanctae
1200 2582 1327 2646 Martae,

153 2669 198 2738 10,
217 2669 254 2721 de
275 2668 398 2735 Oonet.;
422 2667 494 2739 (lep.
514 2670 547 2725 sa·
568 2671 667 2737 iudea,
683 2670 724 2736 12,
746 2669 783 2722 de
806 2675 885 2724 sent.
907 2685 1024 2724 encom.
1043 2685 1073 2722 n.
1090 2668 1128 2736 63
1150 2672 1231 2726 Pria.
1251 2686 1328 2725 sese.

152 2757 252 2824 XXV,
272 2775 297 2813 c.
315 2757 359 2825 20,
380 2755 416 2810 de
435 2755 557 2812 reform.
577 2766 606 2811 et
626 2775 702 2814 sess.
722 2758 842 2823 XXIII,
863 2775 889 2812 c.
908 2757 936 2813 6.

224 2847 331 2915 Quoad
351 2855 452 2902 eutem
472 2830 622 2917 originem
643 2847 735 2902 holus
748 2845 905 2918 privilegii
918 2847 1247 2901 controvertiturintnr
1261 2847 1325 2903 DD.

152 2935 300 2992 Nonnulli
321 2953 388 2990 oum
409 2938 520 2992 Aetate
539 2935 570 2989 in
602 2953 626 2990 c.
647 2937 689 3003 12,
710 2936 754 2989 De
775 2943 871 2991 const.
890 2937 965 3003 n.6;
986 2937 1140 3007 Faynaao,
1172 2954 1196 2990 c.
1226 2937 1269 3005 19,
1289 2936 1326 2990 de

151 3024 260 3080 Const.
280 3043 309 3080 n.
330 3025 372 3094 103
391 3027 534 3092 Barboea,
555 3025 608 3079 Ius
628 3026 703 3080 eccl.
727 3026 744 3080 l.
765 3024 790 3095 Ι,
816 3043 841 3080 c.
859 3025 903 3088 29,
924 3021 943 3096 ᾖ
963 3025 990 3093 4,
1011 3031 1171 3079 autument
1200 3025 1238 3079 eb
1259 3025 1326 3095 ipso

153 3114 219 3169 iure
240 3113 343 3168 divino
365 3113 493 3168 clericos
513 3131 531 3168 e
550 3113 762 3168 iurisdictione
783 3113 841 3168 fori
863 3131 943 3168 eaeo.
963 3113 1113 3168 immunes
1142 3131 1220 3170 esso.

195 3259 197 3263 .
224 3205 287 3259 Alii
309 3204 499 3259 contendunt
524 3203 608 3258 ‘hanc
637 3205 861 3260 immunitatem
893 3204 1073 3260 clericorum
1107 3205 1171 3258 iure
1195 3204 1326 3258 humano

152 3294 287 3366 positIvo
306 3293 543 3365 proditemesse:
565 3297 608 3348 ite
627 3296 836 3360 Cavarruaias,
860 3293 961 3348 Prect.
980 3313 1007 3365 q.
1028 3311 1053 3348 c.
1074 3294 1117 3360 31,
1139 3296 1331 3367 n.2;·Molia,

148 3384 253 3440 Tract.
273 3383 309 3438 de
340 3384 411 3438 inst.
438 3390 468 3438 et
488 3383 545 3437 iar.
564 3383 642 3454 disp.
659 3384 703 3449 31,
725 3401 753 3437 n.
774 3385 815 3438 11.
835 3381 894 3437 Sed
914 3400 929 3437 e
950 3383 1070 3436 duabus
1100 3383 1247 3437 extremis
1268 3400 1326 3437 me·

152 3473 203 3528 die
223 3479 329 3526 exorte
349 3480 396 3527 eet
416 3473 570 3527 sententie
590 3472 714 3526 veritati
735 3471 834 3540 magis
855 3488 1000 3539 consone,
1034 3487 1121 3542 qnam
1147 3472 1238 3526 hodie
1258 3480 1326 3542 post

150 3563 427 3640 Schmalaprueber,
456 3561 503 3616 tit.
522 3563 547 3629 2,
569 3561 621 3616 lib.
650 3561 691 3628 II,
717 3580 745 3617 n.
772 3563 817 3628 98,
842 3561 907 3616 fere
938 3562 1138 3615 communiter
1158 3568 1327 3632 sequuntur

150 3651 462 3706 canonistee:«hanc
476 3649 655 3704 clericorum
677 3651 901 3705 immunitatem
920 3650 1095 3703 immediate
1116 3648 1238 3720 quidem
1258 3667 1326 3704 esse

152 3740 230 3796 iuris
251 3739 386 3801 humani,
406 3739 679 3794 fundamentaliter
697 3747 799 3793 temen
821 3747 851 3792 et
872 3737 1028 3793 initietive
1049 3738 1126 3793 iuris
1145 3739 1244 3793 divini
1265 3759 1290 3794 ».

160 3867 162 3872 .
224 3829 428 3900 Privilegium
449 3828 507 3884 fori
527 3829 709 3900 abrogatum
723 3829 783 3884 fuit
799 3831 830 3884 in
851 3829 944 3882 italie
962 3829 1030 3899 lege
1046 3832 1174 3897 sicardi,
1185 3847 1233 3884 en.
1249 3831 1326 3886 1850.

150 3919 326 3974 Notandum
345 3926 456 3986 tamen,
485 3920 565 3991 quod
597 3919 671 3974 haec
701 3919 830 3973 abolitio
870 3919 952 3974 fecte
981 3918 1157 3974 inconsulte
1183 3927 1213 3974 et
1232 3920 1326 3974 recle-

149 4018 253 4064 mente
273 4009 350 4065 Sede
370 4010 556 4080 Apostolica,
577 4011 723 4064 damnate
737 4008 795 4064 fuit
812 4028 828 4062 a
843 4013 896 4068 Pto
910 4012 963 4077 IX,
979 4009 1009 4063 in
1032 4011 1101 4082 syll.
1120 4027 1202 4081 prop.
1216 4009 1326 4064 XXXI

150 4108 182 4156 et
200 4099 232 4154 in
253 4101 358 4156 Const.
368 4120 383 4150 α
396 4103 496 4169 Apoet.
507 4101 592 4157 Sedis
603 4121 616 4150 »
629 4100 683 4154 ubi
695 4117 810 4156 excom.
829 4101 1005 4172 specialiter
1022 4103 1050 4159 S.
1062 4101 1096 4158 P.
1115 4108 1271 4156 reservate
1283 4101 1326 4154 in·

142 4192 248 4245 tertur
267 4199 373 4244 contre
392 4197 537 4259 cogentes
558 4196 615 4245 etc.
629 4191 717 4244 Henc
732 4191 1079 4246 excommunicationem
1092 4192 1228 4246 declaret
1248 4191 1277 4246 S.
1292 4189 1326 4244 G.
