3266 4896
1294 367 1344 422 143

164 487 354 551 liberalitas:
377 509 435 549 non
458 489 649 550 distrahitur
663 495 695 550 in
710 495 885 550 contrarias
899 497 1017 570 partes,
1032 493 1244 568 pugnantibus
1259 493 1342 550 inter

164 605 203 645 se
224 591 409 665 praeceptis,
432 591 511 646 civis
532 589 614 648 idem
636 597 668 648 et
682 589 883 650 christianus:
899 589 1032 664 denique
1047 590 1239 666 amplissima
1254 590 1343 668 bona,

163 685 281 760 quibus
303 685 464 744 mortalem
485 705 603 761 quoque
626 687 784 746 hominum
806 689 904 745 vitam
938 686 1111 746 christiana
1145 687 1254 765 religio
1287 707 1343 746 sua

169 789 279 858 sponte
301 783 417 860 explet,
439 785 653 842 communitati
675 787 879 860 societatique
901 785 986 843 civili
1010 787 1111 844 omnia
1133 792 1341 860 quaeruntur:

169 883 214 938 ita
235 887 271 940 ut
292 880 371 940 illud
392 887 542 958 appareat
563 884 725 940 rarissime
746 882 874 959 dietam,
899 905 916 937 «
938 883 1054 958 pendet
1075 905 1093 942 a
1107 883 1343 960 religioneque

171 1001 189 1035 a
208 977 294 1038 Deus
315 980 437 1056 colitur,
460 984 503 1040 rei
526 980 667 1058 publicae
689 987 802 1040 status:
827 981 986 1056 multaque
1008 986 1093 1042 inter
1113 983 1195 1042 hunc
1209 989 1241 1041 et
1256 981 1342 1042 illam

171 1099 188 1131 e
209 1079 352 1152 cognatio
373 1083 406 1136 11
426 1077 628 1136 familiaritas
648 1077 819 1138 intercedit
840 1079 885 1156 (1)
907 1102 936 1140 ».
958 1115 998 1124 -—
1018 1080 1133 1139 Eorum
1157 1083 1219 1140 vim
1251 1080 1342 1138 bono-

167 1194 237 1232 rum
258 1174 456 1248 mirabiliter,
478 1178 524 1234 uti
546 1175 635 1251 11111,
667 1183 850 1253 persecutus
886 1184 936 1235 est
970 1178 1168 1254 Augustinus
1199 1177 1341 1255 pluribus

168 1271 254 1347 locis,
276 1275 409 1330 maxime
430 1292 504 1331 vero
525 1273 577 1331 ubi
600 1273 771 1332 Ecclesiam
793 1273 978 1333 catholicam
1000 1275 1138 1352 appellat
1159 1278 1200 1334 iis
1221 1275 1340 1334 verbis:

170 1393 184 1424 ‹
209 1369 255 1427 To
278 1371 443 1446 pueriliter
464 1390 585 1448 pueros,
607 1370 735 1430 fortiter
756 1375 895 1448 iuvenes,
917 1375 1021 1446 quiete
1043 1392 1144 1447 senes,
1165 1379 1257 1450 prout
1285 1391 1341 1432 ou-

169 1469 788 1545 «1111111111111111111111111,1111
826 1477 858 1528 et
883 1471 981 1530 animi
1016 1475 1103 1530 aetas
1125 1477 1183 1548 111,
1215 1489 1341 1530 exerces

168 1586 187 1619 a
208 1583 244 1622 ac
264 1564 364 1624 doces.
387 1565 434 1622 'Pu
455 1563 590 1624 femitas
611 1568 690 1623 viris
711 1568 777 1623 sais
798 1585 860 1624 non
882 1566 1068 1643 explendam
1090 1567 1263 1644 libidinem,
1285 1567 1340 1626 sed

168 1685 187 1720 e
203 1663 247 1722 ad
269 1663 509 1741 propagandam*
520 1665 648 1740 prolem,
670 1663 762 1722 etad
783 1667 829 1722 rei
851 1663 1019 1724 familiaris
1041 1669 1231 1744 societatem,
1254 1673 1340 1726 casta

167 1784 187 1819 e
208 1767 240 1820 et
261 1760 347 1820 fideli
369 1762 547 1822 obedientia
568 1762 706 1821 subiioia
729 1761 777 1820 Tu
799 1765 884 1820 viros
906 1763 1099 1840 coniugibus,
1121 1782 1182 1821 non
1205 1763 1243 1822 ad
1265 1763 1340 1823 illu-

167 1882 187 1917 1
207 1859 342 1918 dandum
363 1859 595 1918 imbecilliorem
616 1879 734 1936 sexum,
756 1860 807 1918 sed
832 1863 945 1918 sinceri
969 1863 1083 1920 amoris
1105 1861 1226 1938 legibus
1251 1881 1340 1938 prae-

166 1979 186 2013 <‹
208 1955 284 2019 ficis,
308 1955 355 2015 'Pu
376 1957 560 2034 parentibus
581 1955 662 2015 filios
683 1956 782 2016 libera
814 1957 945 2032 quadam
979 1961 1134 2018 servitute
1166 1959 1339 2036 subiungis,

168 2076 185 2108 ‹
207 2061 355 2130 parentes
376 2053 452 2112 filiis
466 2057 518 2130 pia
531 2054 742 2112 dominatione
763 2057 960 2130 praeponis...
983 2053 1030 2112 Tu
1052 2057 1137 2114 cives
1158 2055 1289 2126 civibus,
1305 2062 1339 2114 tu

165 2174 186 2209 ‹<
205 2161 316 2228 gentes
336 2153 493 2230 gentibus,
515 2159 548 2210 11
568 2171 696 2229 prorsus
717 2151 857 2212 homines
874 2155 1040 2228 primorum
1057 2160 1219 2228 parentum
1240 2172 1339 2213 recor-

167 2274 183 2306 «
206 2250 341 2327 datione,
363 2271 425 2309 non
446 2253 595 2309 societate
617 2257 750 2327 tantum,
772 2249 826 2309 sed
848 2250 980 2325 quadam
1006 2253 1101 2308 etiam
1136 2249 1339 2312 fraternitate

165 2371 185 2404 «
206 2351 379 2425 coniungis.
400 2348 498 2406 Doees
516 2345 609 2423 'reges
630 2351 807 2424 prospicere
836 2347 968 2424 populis,
1002 2367 1107 2406 mones
1141 2348 1270 2424 populos
1306 2369 1339 2408 se

166 2467 184 2501 e
206 2443 339 2504 subdere
360 2446 495 2521 regibus.
511 2444 633 2519 Quibus
649 2445 745 2504 honor
759 2444 919 2521 debeatur,
935 2445 1047 2519 quibus
1068 2443 1209 2522 affectus,
1226 2447 1338 2521 quibus

166 2566 185 2600 «
206 2545 393 2618 reverentia,
408 2543 520 2616 quibus
536 2545 637 2619 timor,
648 2543 760 2618 quibus
772 2541 951 2620 consolatio,
962 2542 1074 2617 quibus
1086 2541 1264 2620 admonitio,
1275 2547 1339 2620 qui·

166 2665 185 2698 «
203 2641 264 2699 bas
275 2640 456 2716 cohortatio,
466 2641 579 2714 quibus
590 2639 768 2717 disciplina,
779 2641 891 2714 quibus
904 2639 1088 2717 obiurgatio,
1100 2641 1212 2715 quibus
1224 2642 1338 2718 suppli·

165 2761 184 2794 a
205 2741 296 2815 cium,
318 2737 424 2798 sedulo
437 2737 538 2796 doces:
553 2737 720 2796 ostendens
741 2735 998 2812 quemadmodum
1022 2743 1055 2796 et
1070 2757 1130 2796 non
1146 2739 1288 2798 omnibus
1303 2759 1338 2797 o-

166 2860 185 2894 «
205 2839 299 2912 mnia,
311 2841 344 2895 et
357 2836 499 2894 omnibus
513 2839 638 2912 caritas,
653 2842 685 2894 et
700 2835 779 2894 nulli
791 2835 942 2894 debeatur
957 2837 1073 2894 iniuria
1087 2837 1128 2912 (2)
1146 2860 1173 2897 1.
1187 2836 1337 2896 -Idem-

159 2953 224 3008 que
245 2934 306 2993 1111
327 2934 391 2992 1111
412 2933 493 2992 male
514 2937 673 3010 sapientes
708 2932 941 3010 reprehendens
964 2933 1108 3010 politIcos
1129 2935 1337 3010 philosophos:

166 3055 184 3088 «
206 3031 268 3106 Qui
289 3033 463 3090 doctrinam
484 3029 604 3090 Christi
625 3031 789 3090 adversam
813 3029 900 3088 dicut
921 3050 989 3090 esse
1028 3031 1227 3107 reipublicae,
1262 3031 1337 3090 dent

164 3153 184 3186 a
204 3132 376 3188 exercitum
397 3129 502 3202 talem,
523 3129 630 3203 quales
664 3128 806 3186 doctrina
828 3127 947 3187 Christi
983 3147 1051 3187 esse
1081 3128 1199 3186 milites
1235 3131 1337 3204 iussit,

165 3250 184 3284 1
204 3227 281 3286 dent
302 3226 382 3286 tales
403 3226 619 3304 provinciales,
642 3226 722 3284 tales
743 3228 882 3302 maritos,
905 3225 985 3284 tales
1007 3228 1163 3302 coniuges,
1186 3225 1266 3284 tales
1285 3245 1338 3302 pe-

162 3349 184 3384 <
205 3333 321 3404 rentes,
342 3325 423 3384 tales
451 3325 541 3401 filios,
573 3325 653 3384 tales
684 3324 834 3400 dominos,
864 3325 948 3383 tales
976 3343 1093 3401 servos,
1126 3325 1206 3382 tales
1239 3343 1338 3400 reges,

161 3447 184 3482 ‹<
205 3425 285 3483 11111
306 3425 434 3498 iudices,
457 3423 536 3481 tales
557 3423 690 3498 dentque
725 3423 901 3481 debitorum
937 3425 1036 3500 ipsius
1058 3423 1125 3482 fisci
1162 3421 1338 3480 redditores

161 3545 183 3578 a
204 3527 236 3580 et
256 3528 426 3595 exactores,
447 3520 554 3594 quales
575 3539 643 3578 esse
672 3521 825 3596 praecipit
845 3519 988 3578 doctrina
1016 3520 1199 3595 christiana,
1221 3526 1253 3577 et
1285 3539 1338 3576 au-

163 3643 183 3679 1
204 3619 300 3678 deant
321 3637 388 3677 eam
409 3617 513 3676 dicere
535 3615 698 3675 adversam
719 3635 787 3674 esse
809 3616 1008 3693 reipublicae,
1044 3621 1135 3676 immo
1171 3633 1244 3674 vero
1277 3633 1334 3673 non

165 3717 352 3776 «dubitent
373 3734 441 3774 eam
462 3713 604 3773 confiteri
626 3734 778 3791 magnam,
802 3715 827 3770 si
851 3714 1091 3792 obtemperetur,
1114 3714 1246 3772 salutem
1269 3730 1337 3772 1111

164 3843 183 3876 a
204 3814 394 3892 retpublicae
420 3815 460 3890 (3)
486 3835 514 3872 1.

194 4003 230 4062 (l)
247 3999 323 4050 Sacr.
340 3999 411 4062 Imp.
428 3996 463 4048 sd
481 3996 619 4060 Cyrillum
637 3993 776 4046 Alexand.
788 4000 817 4045 et
833 3995 981 4059 Episcopos
997 4004 1114 4060 metrop.
1126 3995 1181 4046 cfr.
1201 3993 1335 4056 Labbaum,

159 4079 387 4141 collecatum..
406 4079 438 4128 T.
455 4077 506 4127 III.

193 4161 229 4224 (2)
245 4159 286 4210 De
302 4159 428 4210 moribus
443 4157 517 4208 Eccl.
534 4154 620 4219 ceth,
638 4172 697 4220 cap.
715 4153 809 4218 XXX,
828 4171 855 4204 n.
873 4154 913 4204 63.

192 4243 230 4306 (3)
247 4241 335 4306 Epist.
353 4239 531 4291 CXXXVIII
547 4240 594 4302 (al.
612 4241 638 4301 5>
654 4236 690 4288 ad
706 4234 914 4298 Marcellinum,
932 4251 992 4302 cap.
1010 4236 1046 4300 Il,
1064 4253 1092 4288 n.
1111 4239 1150 4286 15.
