3234 4902
1329 314 1347 368 5

186 499 188 506 ι
273 456 461 541 Privatum,
502 455 590 542 quod
613 463 647 520 et
683 457 878 521 canonicam
902 457 949 540 (1)
989 461 1137 538 vocatur,
1176 454 1346 520 definitur:

184 591 199 620 ι
223 559 379 647 Systema
402 562 515 647 legum
543 583 627 648 quas
675 561 893 628 ecclesiastica
931 567 1078 648 potestas
1101 560 1258 647 proponit
1292 561 1346 626 vel

176 667 353 734 constituit
376 689 436 754 pro
461 667 622 753 regimine
645 668 750 756 plebis
773 667 974 734 christianae
995 668 1032 732 in
1054 667 1155 732 finem
1182 666 1346 733 Ecclesiae

179 772 363 860 proprium,
388 795 445 838 seu
468 795 529 860 pro
551 774 713 860 regimine
735 772 901 838 societatis
924 772 1109 858 spiritualis
1131 779 1165 837 et
1188 793 1345 859 superna-

177 879 350 944 taralis».
375 879 448 946 Vel:
478 909 492 936 «
522 879 676 966 Systema
701 881 904 966 legumque
942 879 1088 944 Ecclesia
1122 900 1217 944 suam
1252 885 1345 964 pote·

179 993 302 1050 statem
327 1009 385 1073 per
408 987 563 1054 idoneum
588 987 774 1053 subiectum
798 1007 859 1074 pro
881 985 1003 1072 triplici
1016 983 1185 1050 functione
1198 983 1345 1071 legifera,

179 1091 368 1176 iudiciaria,
391 1093 554 1176 coactiva,
578 1093 619 1159 ad
643 1103 756 1160 actum
780 1093 960 1158 reducit».

149 1252 154 1261 .
267 1201 326 1266 Ius
355 1200 527 1286 publicum
563 1207 598 1264 et
621 1202 820 1266 constituens
841 1199 973 1283 dicitur,
997 1199 1076 1286 quia
1114 1199 1218 1264 tradit
1255 1198 1343 1284 quod

177 1306 324 1372 Ecclesia
354 1307 460 1393 possit
497 1307 706 1390 constituere;
744 1307 916 1394 privatum
950 1315 984 1375 et
1018 1308 1232 1372 constitutam
1265 1304 1344 1391 quia

179 1421 333 1481 versatur
352 1412 387 1477 in
410 1415 499 1498 quod
522 1414 667 1480 Ecclesia
690 1414 903 1480 constituerit
928 1415 983 1495 (2).
1015 1413 1169 1478 Primum
1191 1433 1271 1497 ergo
1305 1417 1345 1477 ut

179 1518 321 1584 facultas
344 1519 497 1604 habetur,
521 1521 700 1586 secundum
724 1520 775 1586 uti
798 1529 892 1588 actus
916 1544 974 1586 seu
996 1531 1147 1606 aeterum
1170 1519 1276 1586 series
1320 1587 1322 1592 ,

270 1628 449 1693 Internum
472 1629 559 1713 quod
583 1628 695 1694 exibet
721 1628 994 1693 constitutionem
1023 1627 1185 1692 Ecclesiae
1207 1647 1345 1709 nexum-

179 1733 355 1818 quainter
377 1745 518 1800 rectores
540 1734 773 1801 ecclesiasticos
795 1744 830 1799 et
852 1735 1002 1800 subditos
1025 1756 1092 1820 qua
1116 1734 1207 1802 tales.
1313 1770 1315 1776 ¹

272 1843 460 1907 Eoetcruam
498 1843 584 1928 quod
625 1842 799 1908 relationes
822 1841 988 1908 Ecclesiae
1010 1842 1052 1906 ad
1075 1841 1218 1926 reliquas
1246 1839 1344 1904 socie·

178 1953 264 2012 tates
286 1956 321 2012 et
343 1947 418 2014 iura
440 1950 518 2014 inde
542 1945 688 2036 proiecta
710 1949 865 2035 explicat.

271 2110 302 2174 3.
330 2111 387 2182 De
413 2111 508 2182 iuris
533 2111 631 2183 ecci.
656 2109 902 2198 praestantia
925 2113 965 2182 et
989 2109 1165 2182 utilitate.

268 2235 327 2298 Ius
348 2235 424 2300 eccl.
449 2243 596 2322 praestat
618 2233 684 2299 iuri
708 2235 810 2316 civili,
842 2235 971 2300 ratione
999 2235 1150 2319 originis,
1178 2233 1345 2298 universa·

178 2341 294 2426 litatis,
320 2342 487 2426 materiae,
512 2341 597 2406 linis.
623 2341 678 2406 Ad
701 2363 771 2406 rem
795 2343 1096 2428 &lineamentalem
1113 2341 1201 2406 Disa.
1218 2361 1343 2424 praem.

180 2452 201 2528 ἓ
225 2448 255 2532 7,
280 2471 314 2513 n.
339 2449 424 2512 233:
451 2475 469 2508 c
495 2449 529 2511 1⁰
552 2457 704 2534 praestat
718 2450 851 2534 criptae,
869 2447 950 2532 quia
971 2454 1087 2513 manat
1103 2447 1233 2534 abipso
1248 2445 1344 2511 Chri-

178 2562 240 2639 sto,
266 2562 300 2619 et
323 2578 343 2620 a
366 2563 534 2640 potestate
559 2577 649 2620 mere
673 2555 844 2640 spirituali
868 2556 908 2621 B.
932 2555 1034 2620 Petro
1049 2555 1187 2638 eiusque
1203 2555 1238 2620 in
1253 2553 1344 2638 Apo-

179 2661 298 2728 stolica
314 2662 399 2728 Sede
414 2663 660 2728 successoribus
675 2662 870 2728 immediate
893 2686 913 2728 a
937 2661 1073 2728 Christo
1087 2661 1343 2746 communicata,

179 2769 216 2832 2⁰
241 2771 502 2854 universalitate,
519 2769 598 2855 quia
613 2768 742 2854 obligat
757 2791 870 2834 omnes
887 2768 1013 2834 Christi
1036 2769 1150 2834 fideles
1172 2791 1234 2853 per
1247 2790 1343 2832 mun-

180 2876 262 2940 dum
285 2867 483 2940 universum
506 2897 637 2960 sparsos
640 2925 691 2941 .....
716 2875 819 2940 Totus
836 2875 927 2940 enim
942 2875 1032 2940 orbis
1047 2861 1215 2940 terrarum
1230 2876 1345 2940 subest

181 2981 412 3048 conditoribus
434 2983 535 3048 huius
557 2981 651 3067 iuris,
677 2981 813 3048 Christo
834 2981 996 3047 nimirum
1020 2982 1158 3067 eiusque
1188 2982 1225 3046 in
1253 2989 1344 3048 terra

180 3087 361 3155 vicariis...
387 3090 421 3154 3⁰
446 3091 596 3174 materia,
623 3089 701 3174 quia
716 3089 796 3154 haec
812 3089 1000 3175 spiritualis
1023 3097 1074 3154 est
1097 3091 1150 3154 vel
1173 3088 1345 3174 spirituali

180 3196 321 3280 adnexa,
346 3197 382 3260 4⁰
405 3200 479 3284 fine,
504 3196 584 3280 quia
605 3195 754 3260 intendit
776 3219 838 3282 pro
860 3197 926 3262 fine
949 3195 1069 3270 ultimo
1084 3204 1256 3262 aeternam
1271 3197 1345 3286 hea-

178 3302 362 3368 titudinem
385 3312 420 3368 et
442 3303 586 3368 salutem
609 3302 740 3368 animae
763 3301 973 3388 spiritualem
998 3327 1037 3368 ac
1052 3303 1352 3388 supernaturalem.

181 3433 244 3497 per
267 3409 359 3476 vitae
393 3416 427 3475 et
454 3409 606 3475 iustitiae
641 3409 845 3476 christianae
867 3433 970 3495 opera
994 3411 1211 3476 obtinendam
1234 3435 1263 3475 s.
1288 3410 1350 3476 Ad,

250 3635 292 3702 (1)
314 3632 500 3686 (laconicum
521 3650 539 3686 a
564 3629 656 3690 nardo
681 3634 797 3704 regula.
825 3635 930 3706 Aliqui
958 3634 1103 3687 suctores
1121 3639 1192 3686 'noo
1216 3633 1343 3686 vocab'o·

180 3733 242 3786 lum
263 3742 386 3786 sumunt
404 3739 437 3786 ut
459 3737 648 3804 synonimum
670 3735 746 3789 iuris
766 3737 840 3790 eccl.
859 3735 920 3792 cfr.
944 3739 1052 3805 Boutae,
1065 3753 1111 3805 op.
1132 3735 1231 3804 cit.,c.
1250 3735 1274 3802 1‘,
1288 3733 1307 3807 ξ
1320 3736 1344 3804 1;

177 3822 362 3892 Saapntnrtt,
382 3837 428 3892 op.
448 3821 509 3889 cit,
531 3829 604 3878 sect.
624 3823 647 3892 Ι,
666 3831 745 3880 nota.
827 3831 831 3840 “

252 3930 292 3998 (2)
311 3929 364 3982 Ius
385 3930 564 3984 canonicum
585 3939 710 3986 vocatur
729 3933 821 3987 etiam
834 3950 965 4000 sacrum,
984 3935 1128 3999 diuinum,
1145 3932 1346 4002 pontificiam

178 4027 210 4076 et
231 4037 299 4074 esse
319 4026 420 4090 potest
437 4025 583 4089 scripturn
604 4023 651 4077 vel
670 4039 729 4078 non
748 4027 903 4092 scriptam,
915 4026 1083 4078 uniuersale
1096 4022 1144 4074 vel
1155 4025 1344 4091 particulare

179 4113 269 4181 prout
288 4125 341 4179 per
360 4109 444 4178 leges
466 4109 596 4180 scriptas
627 4112 675 4166 vel
695 4129 748 4183 per
767 4111 954 4179 traditiones,
975 4111 1012 4164 ad
1038 4113 1213 4166 universam
1241 4109 1346 4164 Eccle-

178 4199 256 4253 siam
276 4199 324 4253 vel
345 4198 383 4252 ad
403 4195 535 4270 aliquam
556 4201 710 4271 regionem
731 4201 894 4272 specialem
913 4203 1097 4258 extenditur.
