3198 4898
315 320 370 376 344
462 318 464 324 '

317 445 491 531 guendum
514 453 583 511 est:
607 451 643 528 a)
667 449 824 514 bonomia
849 447 1108 514 necessariorum
1132 443 1261 510 domini
1286 451 1364 509 sunt
1387 452 1428 508 ut
1460 468 1487 509 a·
1553 505 1554 532 p

316 557 422 637 perte·
436 551 586 618 traditur
609 554 651 618 ab
674 553 752 619 Inn.
776 555 832 619 III
854 553 890 619 in
914 575 942 620 c.
968 554 1010 618 18
1033 552 1208 636 deprecet.
1232 549 1313 637 quia
1347 551 1486 616 habetur

317 658 390 723 loco
412 657 583 742 rigorosas
606 660 769 726 mercedis
792 668 827 726 et
849 659 1012 745 stipendii
1036 657 1160 724 laboris
1187 656 1374 742 personalis
1390 679 1485 741 quem

317 785 379 850 pro
402 764 555 830 Ecclesia
570 765 684 830 clerici
700 774 867 832 exercent.
885 767 1116 848 Confirmatur
1133 787 1154 830 a
1169 762 1262 829 trid.
1279 785 1358 828 sess.
1382 763 1485 828 XXII

316 891 345 934 c.
372 869 392 934 l.
407 873 436 949 ’ξ
461 871 499 936 St
522 873 598 956 qaia
620 879 730 936 autem
752 872 811 938 ubi
835 871 958 938 statuit
974 868 1205 937 beneficiarios
1221 891 1289 934 non
1307 869 1485 934 residentes

317 998 380 1063 pro
392 983 466 1042 rata
483 978 645 1064 temporis
661 979 833 1045 absentiae
849 979 983 1044 fructus
995 999 1072 1043 suos
1084 999 1151 1043 non
1163 959 1288 1041 facere.
1298 975 1397 1040 Idem
1412 998 1484 1040 sess.
1554 971 1555 974 '

317 1082 421 1147 XXV
444 1105 472 1151 c.
498 1087 539 1148 12
562 1086 603 1150 de
627 1085 763 1152 reform.
787 1085 844 1151 ubi
870 1086 911 1150 de
935 1083 1080 1170 provisis
1105 1083 1146 1148 ad
1170 1082 1333 1149 beneficia
1361 1089 1482 1164 curata,

315 1190 546 1276 canonicatus,'
580 1191 766 1278 dignitates
790 1191 949 1258 ecclesiae
974 1190 1189 1256 Cathedralis
1212 1189 1304 1255 intra
1330 1189 1482 1255 bimestre
1554 1175 1555 1206 ³

316 1295 559 1388 professionem
574 1299 653 1363 fidei
676 1321 743 1364 non
766 1298 1001 1364 emittentibus
1017 1296 1148 1381 statuit,
1168 1322 1187 1357 a
1204 1299 1341 1382 fractae
1356 1317 1421 1361 non
1435 1297 1482 1381 fa-

315 1404 408 1468 ciam
419 1426 495 1470 suos
503 1432 534 1496 a.
543 1405 639 1490 Ergo
650 1406 707 1490 qui
721 1405 871 1470 resident
882 1412 917 1470 et
928 1402 1171 1490 professionem
1183 1402 1348 1468 emittunt
1356 1402 1482 1467 fructus

315 1509 449 1576 faciunt
472 1535 548 1578 suos
570 1513 691 1578 saltem
714 1514 754 1578 ad
769 1533 954 1598 congruam
970 1509 1252 1579 sustentationem
1274 1507 1482 1588 necessarios

315 1701 437 1776 directi,
458 1707 632 1763 beneficiati
653 1725 711 1762 non
733 1707 855 1776 habent,
876 1707 1015 1779 quamvis
1041 1725 1094 1776 per
1119 1704 1348 1760 institutionem
1367 1701 1483 1759 canoni·

315 1813 381 1850 cam
401 1813 505 1850 verum
524 1801 571 1853 ius
589 1802 621 1853 in
651 1815 684 1854 rc
703 1797 818 1852 iutuitu
839 1796 979 1852 beneficii
1011 1797 1232 1868 adipiscantur.
1257 1794 1320 1851 cfr.
1352 1796 1481 1861 Aiclzner,
1555 1803 1556 1818 ¹

314 1902 361 1956 op.
382 1885 432 1940 cit.
452 1883 471 1958 ξ
490 1887 551 1942 232.
572 1887 666 1940 Porro
687 1885 888 1942 beneficiatus
907 1885 942 1939 fit
961 1890 1049 1953 tator,
1070 1891 1192 1942 carator
1211 1890 1243 1939 et
1256 1887 1481 1941 administrator

315 1973 455 2030 beneficii
476 1992 543 2029 cum
574 1975 764 2048 obligatione
782 1974 969 2032 resarciendi
990 1992 1028 2030 ex
1047 1974 1179 2048 propriis
1208 1991 1328 2028 omnem
1361 1975 1481 2027 deterio-

311 2063 462 2117 rationem
482 2063 629 2119 bonorum
649 2064 922 2120 beneficiariorum.
937 2063 970 2119 0.
988 2066 1006 2118 2
1026 2063 1054 2117 X
1074 2063 1111 2118 de
1125 2064 1228 2118 donat.
1248 2062 1307 2126 ΙΙΙ,
1318 2062 1364 2118 24.
1378 2061 1426 2116 Ad
1438 2077 1481 2114 ex·

309 2151 453 2222 piendum
485 2159 549 2206 tum
581 2151 779 2219 defensionis,
800 2160 864 2207 tum
885 2151 1167 2206 administrationis
1185 2151 1319 2207 officium
1351 2150 1477 2205 traditur

310 2239 492 2296 beneficiato
511 2242 699 2312 ingredienti
719 2246 922 2297 inventarium
939 2258 998 2312 quo
1018 2241 1122 2296 omnia
1135 2240 1277 2296 beneficii
1300 2241 1389 2305 bona,
1404 2236 1479 2292 addi·

309 2337 342 2384 ta
362 2331 585 2401 appretiatione
606 2341 635 2387 et
657 2340 775 2402 natura,
796 2337 1002 2387 recensentur.

384 2419 534 2486 Quoniam
564 2429 664 2475 autem
694 2419 874 2476 beneficium
909 2426 977 2489 post
1006 2419 1123 2474 obitum
1153 2420 1327 2476 beneficiati
1350 2420 1430 2474 redit
1447 2416 1479 2470 ad

313 2510 493 2578 Ecclesiam,
519 2511 687 2566 locationes
707 2511 789 2565 ultra
808 2509 874 2564 dies
895 2509 978 2562 vitae
999 2508 1175 2566 beneficiati
1197 2529 1255 2566 non
1276 2515 1348 2566 suut
1369 2507 1477 2578 obliga·

313 2599 419 2666 toriae,
440 2599 501 2653 nisi
521 2600 683 2655 locationis
704 2607 878 2655 contractus
898 2602 936 2655 ad
958 2603 1082 2672 longius
1101 2607 1220 2673 tempus
1233 2601 1376 2672 legitime
1395 2597 1480 2654 inerit

314 2687 419 2743 initus.
441 2689 536 2742 Multo
562 2689 662 2744 minus
692 2691 868 2757 locationes.
894 2692 920 2746 si
940 2693 1119 2764 anticipatis
1132 2689 1340 2746 solutionibus
1361 2689 1434 2742 fiant
1452 2686 1477 2739 iu

313 2777 535 2846 praeiudicium
567 2795 776 2832 successorum
807 2779 910 2835 valide
943 2781 1089 2836 existunt.
1109 2780 1172 2836 Cfr.
1191 2779 1369 2834 Tridsess.
1390 2774 1477 2838 XXV,

312 2881 337 2921 o.
358 2867 400 2931 11,
421 2867 458 2920 de
477 2865 608 2935 reform.;
626 2869 734 2923 Benaci.
752 2869 839 2924 XIV.
858 2869 962 2924 coust.
985 2873 1194 2926 ‹Universalt's
1213 2888 1229 2919 »
1247 2869 1283 2923 29
1302 2869 1384 2938 Aug.
1404 2864 1478 2932 17413
1557 2923 1558 2940 χ

312 2954 423 3016 Devoti,
444 2954 462 3008 l.
483 2954 539 3010 al.
558 2953 600 3022 11,
620 2955 669 3011 tit.
689 2957 721 3009 19
741 2955 778 3010 de
798 2956 889 3010 rebus
910 2958 982 3012 eccl.
1002 2975 1061 3012 non
1085 2957 1178 3012 alien.
1206 2955 1226 3030 ξ
1253 2957 1279 3024 6;
1310 2957 1476 3020 Penncccbi,
1557 2943 1558 2950 ἵ

312 3043 333 3099 l.
352 3062 375 3097 c.
395 3051 416 3098 t.
436 3045 476 3112 ΙΙ,
498 3064 524 3115 p.
539 3047 590 3100 137
609 3064 701 3120 seqq.;
724 3049 836 3114 Wcrna,
857 3047 875 3105 l.
895 3066 923 3104 c.
941 3067 969 3102 n.
991 3050 1051 3125 135.

385 3133 511 3189 Praeter
533 3135 610 3190 bona
628 3136 830 3201 beneficialis,
845 3138 977 3192 existere
992 3137 1157 3208 aliquando
1176 3144 1305 3207 possunt
1324 3137 1389 3192 alia
1407 3137 1476 3191 bona

311 3224 434 3293 propria
452 3224 601 3280 ecclesiae
621 3226 768 3282 distincta
786 3247 805 3282 a
824 3229 980 3282 dotatione
1002 3226 1143 3282 beneficii
1164 3237 1194 3281 et
1205 3225 1278 3280 aliis
1298 3226 1359 3298 piis
1380 3226 1477 3281 funda·

310 3310 449 3366 tionibus
469 3330 546 3384 quae
565 3315 602 3368 ad
623 3316 736 3370 cultum
758 3317 896 3371 divinum
915 3317 1064 3372 inservire
1084 3315 1206 3370 debent.
1238 3314 1326 3370 Haec
1345 3319 1475 3387 spectant

311 3401 349 3454 ad
369 3401 518 3456 fabricam
538 3403 686 3459 ecclesiae
706 3407 809 3475 (vulgo
828 3405 1031 3474 submiserit),
1051 3423 1128 3477 qnae
1143 3405 1381 3460 estinstituturu
1394 3401 1474 3476 quod·

310 3491 379 3544 dam
402 3492 645 3548 ecclestasticum
669 3493 734 3548 sive
763 3512 893 3564 persona
925 3495 1065 3561 iuridica‚
1097 3512 1193 3565 capax
1212 3491 1327 3548 idcirco
1347 3489 1475 3548 dominii.

310 3579 548 3635 Administratio
568 3582 714 3636 bonorum
735 3582 871 3637 fabricae
891 3583 1090 3638 ecclesiarum
1110 3583 1159 3638 vel
1173 3582 1406 3653 collegiatarum
1418 3581 1473 3636 stae

311 3670 514 3730 saecularium
535 3671 599 3726 sive
619 3665 812 3742 regularium
825 3681 963 3742 spectare
984 3674 1063 3728 solet
1082 3671 1121 3736 ad
1141 3671 1277 3742 capitula
1296 3671 1418 3726 illarum
1435 3685 1472 3722 ec·

309 3759 482 3815 clesiarum.
501 3761 648 3815 Fabricae
677 3769 779 3816 autem
799 3763 997 3818 ecclesiarum
1023 3761 1245 3834 parochialium
1265 3769 1339 3816 sunt
1358 3761 1413 3816 sub
1430 3758 1473 3812 ed·

309 3847 536 3903 ministratione
556 3851 694 3921 parochi;
713 3852 766 3905 sed
786 3854 967 3923 quandoque
987 3851 1019 3906 in
1040 3853 1107 3925 ipsa
1137 3851 1405 3906 administratione
1430 3845 1471 3901 ad·

308 3937 474 3992 mittuntur
503 3947 533 3992 et
553 3940 634 4010 laici3
654 3948 726 3995 tunc
745 3959 816 3997 vero
837 3941 1007 4013 Episcopus
1027 3942 1076 3996 ius
1095 3941 1189 3996 habet
1221 3959 1275 3996 eos
1306 3933 1471 3996 nominandi

309 4027 360 4083 vel
380 4027 489 4081 saltem
509 4029 705 4099 approbandi,
724 4031 900 4084 removendi
920 4034 953 4085 et
970 4031 1148 4085 universum
1173 4029 1331 4099 negotium
1357 4024 1469 4084 admini-

307 4117 470 4172 strationis
490 4120 659 4176 ordinandi.
680 4119 742 4175 Ofr.
763 4121 791 4176 S.
811 4120 849 4177 0.
867 4121 903 4175 de
924 4119 1002 4176 RF.
1017 4121 1052 4174 21
1072 4121 1131 4175 Iul.
1150 4121 1229 4190 18565
1254 4121 1365 4176 Werna.
1385 4113 1470 4174 llll

308 4208 464 4263 e.n.192.
