3266 4896
1304 360 1392 422 89.

158 481 385 550 Concordatis
408 479 583 568 privilegii
607 503 647 547 ac
670 479 761 566 pacti
785 479 856 546 vim
872 479 980 548 inesse
1005 482 1221 565 affirmet(l).
1237 483 1339 550 Ultra

162 599 280 657 tamen
302 587 516 656 concedimus
540 586 641 653 nimis
662 588 699 653 in
721 587 959 674 terminologia
988 595 1144 656 veterum
1168 612 1235 656 non
1266 613 1337 658 esse

158 696 398 781 insistendum,
433 691 632 781 praesertim
666 693 835 761 cumillis
858 695 1066 782 temporibus
1089 697 1184 762 nulla
1207 698 1270 764 hac
1293 700 1335 766 de

165 829 201 872 re
225 805 322 870 fieret
344 800 574 870 controversia
597 832 627 866 ».
1067 873 1071 880 ¹

255 913 307 977 99.
330 908 436 976 Nobis
457 909 513 975 hio
536 907 805 976 observandum:
831 931 908 976 cum
932 909 994 975 hae
1022 912 1234 995 quaestiones
1250 935 1336 997 quae

161 1021 201 1086 »in
223 1018 345 1085 scholis
368 1015 543 1084 catholicis
566 1015 670 1082 etiam
693 1038 784 1082 nunc
808 1015 985 1102 agitantur
1001 1017 1126 1084 validis
1149 1041 1264 1085 omnes
1284 1044 1335 1086 ar-

159 1125 337 1214 gumentis
359 1126 514 1191 nitantur
547 1135 582 1190 et
604 1148 624 1191 a
648 1123 844 1191 clarissimis
879 1124 1073 1190 Canonistis
1096 1124 1200 1191 etiarn
1224 1149 1336 1192 recen-

160 1231 307 1300 tioribus
330 1233 573 1316 sustineantur,
601 1253 708 1317 usque
739 1231 819 1297 dum
845 1232 955 1298 Roma
978 1233 1091 1298 locuta
1114 1255 1182 1299 non
1205 1232 1259 1318 sit,
1285 1233 1338 1301 fas

157 1349 216 1408 est
237 1331 330 1406 illam
366 1338 571 1410 sententiam
608 1339 768 1424 amplecti
807 1360 894 1422 quae
920 1337 1112 1423 ‘unicuique
1136 1341 1244 1426 magis
1266 1341 1337 1426 pla-

158 1445 273 1514 cuerit
296 1449 355 1528 (2).
391 1443 427 1511 Si
462 1452 614 1511 nostram
637 1453 753 1511 tamen
774 1443 970 1530 opinionem
992 1443 1171 1510 humiliter
1193 1445 1335 1512 submit-

156 1563 235 1620 tere
257 1553 348 1636 licet,
373 1553 632 1640 praeferendam
665 1551 821 1617 ducimus
844 1574 930 1638 quae
954 1553 1164 1618 demonstrat
1188 1552 1334 1619 Concor-

158 1663 254 1745 data,
293 1659 447 1748 quamvis
478 1660 588 1744 quoad
623 1659 850 1726 substantiam
886 1658 956 1724 sint
978 1658 1172 1745 privilegia,
1197 1659 1336 1727 induere

159 1777 323 1834 naturam
346 1773 582 1836 contractuum
605 1765 833 1832 bilateralium
858 1789 954 1832 scaea
982 1769 1060 1850 lato,
1085 1765 1257 1852 utrimque
1281 1768 1337 1832 ob·

161 1875 349 1962 ligantium
372 1883 407 1941 et
438 1875 475 1940 in
500 1873 677 1960 utriusque
715 1873 947 1940 contrahentis
981 1873 1143 1939 utilitate.

253 1983 408 2050 Dicimus
429 2003 526 2047 aenea
549 1983 627 2068 lato,
651 2004 731 2047 nam
762 2003 859 2046 senaa
888 1983 1003 2046 stricto
1026 1980 1062 2046 in
1086 1988 1261 2047 contractu
1286 1981 1337 2048 bi-

158 2089 295 2156 laterali
320 2088 552 2174 requireretur
574 2097 614 2153 ut
627 2087 864 2154 contrahentes
881 2087 950 2153 sint
965 2088 1041 2153 iure
1058 2109 1156 2173 pares
1180 2095 1214 2153 et
1229 2087 1337 2154 obiec-

158 2207 323 2263 tumnon
354 2196 399 2262 sit
413 2195 576 2281 debitum,
600 2197 682 2262 dum
709 2221 727 2262 e
750 2203 867 2262 contra
881 2193 938 2260 hic
960 2195 1124 2260 habemus
1148 2195 1337 2260 Ecclesiam

158 2311 323 2392 quaeest
347 2303 499 2390 superior
521 2303 645 2388 Statui‚
669 2309 704 2368 et
727 2303 845 2368 Status
868 2300 926 2387 qui
951 2302 1056 2368 etiam
1087 2307 1175 2368 citra
1199 2307 1337 2388 pactum

158 2417 301 2476 tenetur
339 2409 512 2475 Ecclesiae
550 2409 731 2476 concedere
766 2407 932 2494 quidquid
969 2407 1197 2474 necessarium
1220 2416 1272 2473 est
1296 2408 1337 2472 ad

164 2540 265 2584 suum
288 2518 390 2582 finem
414 2517 695 2600 consequendum.

255 2623 304 2689 Ut
328 2630 439 2712 autem
458 2627 460 2631 ’
480 2623 629 2710 aliquam
655 2647 698 2688 ex
720 2622 875 2690 doctrina
912 2621 1066 2708 exposita
1107 2621 1338 2688 definitionem

167 2731 373 2817 completam
407 2731 694 2797 Ooncordatorum
717 2753 884 2815 eruamus,
922 2730 1122 2796 concludere
1147 2751 1336 2815 possumus:

157 2838 376 2908 Concordata
399 2846 479 2902 sunt
501 2837 593 2922 leges
615 2837 806 2924 singulares
829 2837 864 2902 vi
889 2859 1033 2922 quarum
1057 2836 1212 2902 Ecclesia
1235 2858 1335 2921 quae·

156 2945 243 3010 dam
266 2944 418 3010 concedit
451 2944 504 3008 vel
527 2943 666 3030 aliquid·
681 2943 829 3010 remittit
862 2945 904 3010 de
939 2941 1102 3009 exercitio
1125 2965 1262 3009 suorum
1286 2942 1336 3007 iu-

161 3052 253 3132 rium
277 3052 394 3118 favore
418 3051 627 3137 Principum,
651 3053 733 3118 dum
755 3051 872 3116 Status
896 3049 1105 3136 repromittit
1130 3049 1338 3116 adiutorium

157 3159 200 3224 in
223 3159 362 3242 reliquis
385 3160 440 3224 vel
464 3159 583 3224 salt'em
606 3157 809 3224 libertatem.

237 3407 278 3477 (1)
299 3407 348 3462 Ita
368 3411 520 3477 Braaclera
547 3412 717 3480 Lammina,
758 3409 937 3480 Waqnarecla
957 3411 1061 3480 Eapel,
1095 3411 1226 3480 Palatua,
1259 3407 1338 3476 Reif-

156 3493 299 3566 senatrici,
320 3499 480 3566 Nicolcrta
505 3499 655 3564 Wiestner,
677 3501 855 3565 Laureolus,
876 3499 1017 3564 Schmier,
1038 3499 1161 3564 Ficulea,
1188 3498 1338 3553 Sirimala-

157 3587 296 3658 prueber,
309 3586 455 3655 Mascaar,
474 3589 631 3659 Zalliapar
649 3603 724 3658 quos
750 3586 826 3640 citat
845 3587 884 3642 cl.
906 3589 1005 3654 Batai,
1025 3587 1054 3642 S.
1074 3587 1096 3654 Ι,
1119 3586 1149 3641 ἰη
1171 3603 1270 3656 opere:
1290 3585 1335 3640 De

162 3681 274 3730 natura
293 3686 323 3731 et
342 3677 490 3748 peculiari
512 3677 614 3732 indole
634 3677 904 3747 concordatornm,
924 3677 954 3732 in
975 3676 1061 3732 foliis
1080 3677 1148 3732 lith.
1169 3676 1302 3731 redacto.

236 3757 517 3856 (2l0fr.Pliilippe
536 3788 610 3852 Elia,
639 3783 681 3838 Le
702 3785 860 3839 canonista
880 3783 1119 3858 contemporain.
1152 3785 1208 3838 An.
1241 3785 1282 3846 ia,
1304 3783 1339 3836 li·

158 3869 286 3926 vraison
308 3873 368 3940 142,
390 3875 468 3929 1889,
