3198 4898
318 327 376 382 270

409 453 461 518 98.
486 453 548 519 IV.
573 451 634 520 De
659 451 854 538 capitulis.

409 559 525 638 Quoad
548 558 695 644 denique
718 559 869 644 capitula
891 558 964 626 sive
998 559 1172 644 generalia
1201 560 1274 624 sive
1308 558 1493 645 particula·
1581 641 1582 644 Ἴ

317 664 371 732 ria
394 688 480 751 quac
503 664 539 732 in
563 663 748 732 Ordinibus
782 663 950 756 religiosis
979 667 1032 732 vel
1055 664 1387 752 Oongregationibus
1414 687 1492 730 con-

319 772 432 840 vocari
457 773 566 840 solent
591 773 635 840 ad
658 773 875 858 celebrandas
898 773 1088 858 electiones,
1124 773 1197 838 sive
1234 773 1277 838 ad
1312 771 1493 837 tractanda

316 879 478 965 graviora
514 885 662 966 negotia,
701 881 860 946 standum
894 889 945 946 est
978 880 1121 947 decretis
1156 879 1245 944 sedis
1276 877 1493 966 Apostolicae
1582 933 1583 936 ,

315 993 353 1052 et
375 985 674 1052 constitutionibus
699 985 836 1052 Ordinis
859 987 1008 1074 religiosi
1032 987 1087 1052 vel
1110 985 1395 1073 Oongregationis
1432 989 1492 1067 (1).

407 1113 459 1176 99.
483 1111 594 1181 Nota.
618 1151 662 1160 -
686 1115 737 1178 De
763 1114 929 1180 Ordinem
953 1115 1179 1201 religiosorum
1204 1121 1341 1179 ercterno
1360 1114 1490 1198 repimi·

316 1219 469 1303 nequod
491 1217 730 1303 complectitur
750 1241 865 1285 omnes
888 1219 1062 1285 Praelatos
1085 1226 1181 1284 extra
1218 1219 1374 1284 ordinem
1411 1217 1488 1283 reli-

314 1323 449 1412 giosum
472 1325 673 1391 constitutos
696 1325 755 1410 qui
792 1325 830 1391 in
864 1325 1064 1411 religionem
1103 1326 1158 1392 vel
1187 1325 1489 1412 congregationem

315 1431 509 1527 religiosam
533 1437 735 1518 potestatem
764 1433 971 1500 ordinariam
1009 1434 1063 1499 vel
1102 1418 1294 1518 delegatam
1334 1455 1489 1498 exercere

315 1551 466 1626 possunt,
490 1547 566 1624 post
588 1563 627 1604 ea
651 1561 737 1624 quae
760 1539 909 1604 diximus
932 1540 974 1605 de
997 1540 1038 1605 R.
1066 1538 1229 1606 Pontifice
1245 1547 1281 1605 et
1297 1537 1486 1626 Episcopis,

315 1644 391 1710 heic
413 1644 542 1730 aliquid
566 1646 689 1712 addere
712 1653 827 1712 manet
849 1647 959 1731 quoad
986 1637 1240 1713 Conservatores
1261 1653 1298 1711 et
1322 1649 1486 1711 Protecto-

313 1773 368 1816 res
389 1751 448 1836 qui
472 1751 514 1816 ad
537 1751 751 1818 defendenda
772 1760 807 1818 et
841 1753 1007 1818 servanda
1035 1750 1270 1838 religiosorum
1303 1750 1486 1838 privilegia

280 1914 284 1922 .
311 1858 363 1924 eis
386 1857 556 1944 praesidio
578 1859 713 1924 dautur.
1584 1853 1585 1858 ¹

406 1965 660 2032 conservatores
682 1973 762 2031 sunt
783 1965 1008 2054 particulares
1031 1965 1160 2031 iudices
1195 1987 1215 2030 a
1250 1964 1286 2030 S.
1322 1965 1484 2032 Pontifice

280 2103 286 2111 ·
313 2072 461 2157 delegati
486 2074 527 2138 ad
551 2073 681 2158 aliquos
706 2073 933 2140 defendendos
957 2081 1075 2140 contra
1098 2071 1296 2138 manifestas
1331 2071 1483 2154 iniurias,

312 2179 484 2246 molestias
506 2187 542 2245 et
564 2179 743 2246 violentias
765 2181 891 2266 absque
913 2179 1076 2266 indagine
1097 2177 1250 2246 iudiciali
1274 2181 1329 2262 (2).
1585 2247 1586 2264 ,

402 2282 664 2348 Conservatores
700 2282 764 2347 sibi
806 2283 931 2367 eligere
969 2289 1111 2368 possunt
1148 2282 1322 2366 regulares
1360 2303 1481 2364 omnes,
1585 2281 1586 2290 ’

311 2389 437 2454 nedum
461 2387 519 2473 qui
544 2389 587 2454 ad
610 2388 672 2454 hoc
695 2411 853 2474 expressa
887 2397 922 2455 et
956 2387 1142 2475 peculiaria
1177 2387 1360 2475 privilegia
1396 2411 1416 2453 a
1449 2387 1480 2452 S.

311 2495 508 2580 Apostolica
538 2495 767 2579 obtinuerunt,
792 2495 848 2560 sed
872 2503 906 2561 et
929 2495 1033 2561 ceteri
1057 2494 1126 2580 alii,
1162 2495 1293 2560 virtute
1337 2517 1481 2560 commu·

310 2599 492 2666 nicationis
529 2599 788 2688 privilegiorum
810 2625 886 2667 cum
926 2601 1018 2687 ipsis,
1044 2609 1083 2666 ut
1109 2623 1265 2686 expresse
1295 2599 1482 2666 declaravit

309 2706 345 2772 8.
370 2705 600 2791 Oongregatio
623 2705 766 2772 Ocncilii
792 2711 833 2771 12
857 2708 949 2793 Sept.
975 2709 1096 2790 1620(
1122 2713 1144 2790 ).

401 2811 527 2877 Tamen
550 2812 674 2878 nostris
697 2813 906 2898 temporibus
939 2811 1120 2898 disciplina
1154 2813 1233 2878 eccl.
1263 2813 1305 2879 de
1344 2812 1481 2878 Oonser-

309 2918 486 2984 vatoribus
508 2917 557 2984 ita
580 2918 719 2984 videtur
740 2918 929 2985 immutata
944 2929 983 2985 ut
1006 2942 1121 2986 eorum
1146 2919 1296 2986 officium
1320 2941 1388 2986 non
1411 2942 1479 2986 am-

309 3021 401 3110 plius
424 3023 469 3088 sit
492 3023 634 3108 practici
658 3024 819 3090 momenti
843 3027 900 3108 (4).

400 3133 604 3195 Protectores
627 3129 789 3196 dicuntur
812 3129 1007 3196 Oardinales
1031 3130 1068 3196 in
1091 3131 1186 3197 Urbe
1213 3130 1399 3198 residentes
1422 3129 1480 3216 qui

308 3259 330 3302 a
352 3236 395 3300 R.
420 3235 584 3301 Pontifice
607 3236 792 3302 Ordinibus
814 3236 982 3322 religiosis
1006 3245 1040 3303 et
1069 3237 1400 3324 congregationibus
1423 3259 1479 3304 vo-

306 3350 422 3408 torum
460 3342 668 3427 simplicium
690 3345 921 3410 conceduntur
951 3352 991 3410 ut
1031 3345 1155 3412 bonum
1177 3353 1305 3412 statum
1345 3345 1479 3412 Ordinis

308 3449 364 3514 vel
388 3449 669 3535 Oongregationis
692 3460 893 3517 conservent
915 3461 950 3518 et
980 3461 1212 3540 promoveant,
1237 3455 1334 3521 salva
1367 3463 1478 3521 tamen

380 3661 418 3730 (3)
439 3661 525 3715 Decr.
547 3664 592 3716 Pa·
612 3663 658 3716 IX
683 3663 720 3716 29
739 3662 813 3716 Maii
836 3663 904 3718 1862
924 3663 1003 3734 apud
1025 3668 1166 3732 Bizzarrr',
1188 3666 1206 3718 l.
1227 3683 1252 3720 c.
1271 3682 1298 3737 p,
1321 3668 1381 3736 168;
1401 3665 1428 3719 S.
1449 3667 1478 3721 O.

274 3799 276 3808 ,
306 3745 420 3802 131101
443 3747 506 3806 RR.
524 3749 637 3810 211111.
658 3752 728 3806 1860
746 3751 783 3805 ad
802 3753 830 3813 4;
847 3751 956 3824 dsept.
976 3753 1045 3810 1892
1065 3754 1103 3808 ad
1123 3757 1148 3808 5.
1168 3752 1231 3808 cfr.
1253 3757 1396 3824 Btzaarri,
1415 3755 1477 3828 120.

307 3853 336 3906 p.
354 3836 418 3903 8323
437 3840 470 3891 A.
490 3839 531 3892 M.
551 3840 684 3905 Ferrari,
705 3857 732 3910 p.
750 3841 813 3902 28&
836 3843 947 3908 Werna,
966 3841 1027 3912 111,
1048 3859 1077 3898 u.
1095 3843 1157 3897 696.

380 3925 420 3993 (4)
442 3923 503 3978 Ofr.
524 3927 671 3993 Ferraria,
692 3945 718 3981 v.
739 3929 973 3996 Coraserratores,
994 3949 1023 3986 n.
1043 3931 1061 3984 l.

379 4015 418 4084 (ὅ)
439 4015 585 4079 Ferraria,
609 4013 628 4070 l.
648 4033 673 4070 c.
691 4018 717 4070 2.

380 4103 421 4170 (1)
441 4101 503 4155 Ot'r.
523 4105 627 4169 Bottia),
648 4103 667 4156 l.
687 4122 712 4159 c.
743 4122 770 4176 p.
790 4107 851 4174 157,
870 4109 946 4175 liat,
967 4107 985 4161 l.
1006 4125 1029 4162 c.
1049 4115 1070 4162 t.
1091 4107 1131 4175 11,
1151 4126 1222 4181 pag.
1240 4109 1284 4176 90,
1310 4111 1363 4165 119
1383 4127 1479 4183 seqq.;

310 4191 422 4257 Wernz,
444 4190 485 4257 II,
506 4209 533 4247 n.
554 4193 615 4258 662,
637 4192 698 4261 709;
718 4193 778 4263 ΙΙΙ,
798 4212 826 4248 n.
845 4197 906 4250 699.
