3198 4898
315 334 369 388 314

405 415 733 548 Insuper‘Episoopi
758 463 933 546 nequeunt
955 461 990 539 u)
1030 455 1128 522 unire
1151 456 1352 522 beneficium
1396 453 1494 519 unius

318 568 479 636 dioecesis
518 590 594 633 cum
619 566 779 634 beneficio
817 564 957 632 alterius
994 563 1153 631 dioecesis
1175 568 1230 649 (1);
1255 567 1287 648 b)
1328 561 1494 630 beneficia

316 683 474 760 exempta
497 675 550 740 vel
573 679 746 740 reservata
763 671 797 737 S.
821 672 870 754 P.;
895 677 925 754 c)
939 669 1098 736 beneficia
1121 669 1331 758 parochialia
1347 693 1431 736 oum
1447 692 1492 732 ec-

315 782 417 848 clesia
433 779 630 865 cathedrali,
658 777 846 866 collegiata,
878 777 1082 844 monasterio
1104 786 1168 844 etc.
1192 781 1248 860 (2);
1267 781 1303 858 d)
1327 775 1493 843 beneficia

315 887 486 974 regularia
509 911 587 953 cum
611 885 752 954 ecclesia
774 884 962 951 cathedrali
985 886 1040 950 vel
1063 885 1242 971 collegiata
1265 885 1326 969 (3);
1340 889 1371 968 e)
1397 885 1493 949 bene-

315 995 392 1062 ficia
415 995 542 1061 liberae
565 993 754 1060 collationis
778 1015 855 1058 cum
879 991 1050 1058 beneficiis
1072 991 1363 1078 iurispatronatus
1391 993 1451 1076 ,4).

407 1105 480 1167 147.
506 1101 661 1170 Divisio
701 1108 783 1165 tuno
819 1100 965 1166 habetur
987 1100 1123 1184 quando
1141 1116 1142 1122 ’
1160 1123 1203 1166 ex
1225 1123 1293 1164 uno
1330 1097 1493 1166 beneficio

315 1209 400 1275 fiant
423 1210 490 1274 duo
513 1210 569 1274 vel
592 1209 692 1294 plura
717 1207 789 1272 sive
812 1207 922 1292 quoad
957 1207 1070 1273 dotem
1109 1206 1182 1272 sive
1218 1207 1341 1272 saltem
1384 1206 1492 1292 quoad

316 1316 392 1382 iura
415 1324 449 1382 et
463 1299 583 1382 onera.

405 1422 538 1488 Divisio
562 1421 799 1488 beneficiorum
835 1419 1001 1487 maiorum
1038 1429 1073 1487 et
1095 1421 1303 1488 dioeceseum
1327 1422 1492 1508 competit

316 1530 351 1595 S.
364 1528 532 1613 Pontifici,
557 1528 653 1594 cuius
676 1529 779 1594 etiam
802 1536 853 1594 est
876 1527 1030 1594 dividere
1052 1527 1112 1594 illa
1135 1527 1296 1594 beneficia
1313 1551 1406 1614 quae
1422 1529 1491 1594 iure

315 1636 492 1722 singulari,
509 1660 529 1702 a
546 1637 578 1701 S.
604 1635 690 1702 Sede
712 1635 862 1722 pendent
886 1639 945 1718 (b);
969 1635 1216 1721 parochialium
1229 1644 1265 1701 et
1280 1635 1490 1722 simplicium

316 1743 359 1808 ad
384 1742 572 1828 Episcopus
594 1749 726 1826 spectat
749 1765 791 1806 ex
814 1741 923 1807 causis
960 1741 1035 1807 iure
1073 1742 1246 1827 permissis
1279 1750 1316 1807 et
1354 1751 1490 1808 servata

316 1849 426 1916 forma
449 1850 608 1915 canonica
633 1851 691 1930 (6).
717 1847 847 1913 Causae
870 1847 1045 1934 legitimae
1067 1849 1245 1916 divisionis
1267 1861 1319 1914 est
1357 1849 1491 1915 utilitas

318 1954 508 2042 spiritualis
531 1953 691 2039 fidelium,
716 1961 755 2017 ut
778 1976 830 2018 ex.
847 1975 898 2038 gr.
916 1954 1050 2038 quando
1066 1956 1108 2020 ob
1123 1955 1273 2021 locorum
1289 1955 1489 2021 distantiam

315 2062 371 2127 vel
393 2061 555 2127 itinerum
578 2060 796 2124 difficultates
820 2059 1017 2145 parochiani
1040 2083 1109 2126 non
1143 2070 1279 2147 possent
1318 2061 1490 2128 commode

316 2168 490 2234 ecclesiam
514 2166 608 2232 adiro
631 2174 670 2231 ut
693 2173 904 2231 sacramenta
926 2166 1129 2252 percipiant,
1164 2176 1199 2233 et
1232 2167 1343 2233 divini
1389 2166 1488 2234 officii

315 2285 467 2362 tempore
490 2296 640 2360 congruo
661 2273 822 2338 intersint
862 2275 920 2355 (7).
957 2274 1005 2337 Et
1042 2284 1216 2360 praeterea
1256 2275 1487 2342 solemnitates

315 2479 344 2526 et
365 2487 457 2542 soqq.;
477 2469 667 2536 D'Annibate‚
688 2470 809 2523 Summa
828 2469 920 2523 theol.
941 2487 1013 2525 mor.
1033 2469 1067 2528 P.
1084 2471 1139 2525 III.
1153 2489 1181 2526 n.
1193 2473 1238 2526 22.
1251 2471 1289 2526 Vi
1306 2479 1413 2527 autem
1425 2486 1487 2524 con·

314 2560 506 2614 cordatorum
525 2558 636 2612 autad
655 2558 771 2612 maiora
790 2559 870 2612 mala
889 2557 1022 2626 vitanda,
1043 2558 1125 2613 haud
1144 2578 1212 2614 raro
1232 2560 1325 2615 etiam
1348 2567 1485 2632 expet-an·

315 2650 372 2703 dus
392 2657 437 2704 ast
458 2666 625 2703 consensus
645 2649 788 2718 gubernii
809 2648 912 2704 civilis
931 2657 965 2703 ut
987 2649 1134 2705 beneficia
1152 2650 1235 2705 uniri
1270 2652 1405 2722 possint.
1428 2649 1484 2705 Cfr.

318 2739 432 2803 Wernz,
453 2737 492 2804 ΙΙ,
514 2756 541 2791 n.
561 2737 623 2793 272.

386 2848 423 2912 (1)
443 2845 535 2901 Gonc.
554 2846 635 2902 Trid.
650 2864 725 2903 sess.
744 2848 827 2915 XIV,
848 2865 871 2902 o.
890 2849 917 2903 9.

384 2956 421 3021 (2)
440 2954 523 3009 rrid.
541 2972 616 3009 sess.
637 2953 697 3008 XX
716 2954 768 3020 IV,
789 2973 812 3014 o.
834 2955 876 3012 13.

384 3063 421 3128 (3)
441 3062 523 3117 Trio.
543 3081 617 3117 sess.
639 3062 754 3129 XXIV,
774 3081 798 3117 c.
819 3065 861 3118 10.

384 3171 421 3236 (4)
442 3170 524 3225 Trid.
543 3188 618 3226 sess.
637 3173 735 3240 XXV,
754 3191 778 3226 o.
798 3174 824 3226 9.

387 3279 423 3344 (ὅ)
445 3279 580 3345 Bercrdi,
601 3278 653 3332 Ius
674 3278 746 3334 eccl.
765 3285 836 3334 tom.
857 3278 900 3348 ΙΙ,
919 3278 993 3334 diss.
1013 3279 1070 3346 Ill,
1091 3295 1115 3334 o.
1135 3278 1195 3333 ΙΙΙ.

384 3383 424 3450 (6)
444 3383 614 3454 Episcopus
628 3401 698 3437 vero
712 3383 820 3454 nequit
835 3383 971 3438 dividere
986 3382 1134 3438 beneficia
1148 3383 1303 3454 regularia
1318 3402 1373 3438 nec
1389 3398 1478 3437 axam·

313 3478 373 3542 pta,
394 3489 461 3525 cum
482 3490 541 3525 non
561 3471 683 3526 subsint
703 3473 769 3527 aius
790 3471 1008 3527 iurisdictioni.
1030 3472 1180 3528 Similiter
1199 3473 1363 3527 dicendum
1384 3473 1420 3527 de
1439 3487 1479 3524 ac·

313 3560 418 3614 olesiis
439 3565 612 3626 numeratis,
633 3561 753 3615 scilicet
773 3565 809 3615 do
830 3561 869 3616 iis
890 3579 966 3633 quae
987 3568 1101 3616 certum
1121 3560 1235 3616 habent
1255 3579 1414 3617 numerum
1438 3576 1479 3613 ca·

313 3649 490 3704 nonioorum
511 3668 547 3704 ea
568 3649 636 3720 lege
657 3661 691 3704 ut
710 3662 863 3722 nequeant
884 3651 1009 3706 alterari
1024 3669 1061 3705 ex
1076 3650 1257 3706 fundatione
1276 3651 1324 3706 vel
1347 3670 1383 3707 ex
1402 3666 1477 3723 prae·

313 3746 400 3808 cepto
420 3739 539 3793 statuti.
559 3738 621 3794 cfr.
641 3741 842 3810 Marianordo,
861 3759 909 3811 op.
927 3741 979 3797 cit.
999 3759 1030 3794 n.
1046 3741 1109 3796 545.

384 3846 422 3914 (7)
443 3845 512 3899 Sola
530 3845 734 3900 numerositas
745 3847 848 3919 populi
864 3846 950 3901 iuxta
960 3847 1080 3918 aliquos
1096 3864 1154 3902 non
1166 3863 1259 3901 causa
1273 3853 1319 3902 est
1331 3845 1476 3902 sufficiens

313 3950 408 3987 novas
428 3933 565 4004 erigendi
587 3934 755 4004 parochias,
784 3935 811 3988 si
832 3936 982 4006 parochus
1001 3935 1062 3989 sibi
1077 3935 1209 3991 vicarios
1222 3935 1417 4006 adiungendo
1430 3949 1475 3988 va-

311 4022 374 4076 leat
393 4023 529 4077 fidelium
557 4023 687 4078 utilitati
720 4025 887 4098 consulere.
920 4022 982 4080 cfr.
1002 4027 1138 4092 Garoias,
1158 4043 1204 4096 op.
1223 4025 1283 4082 cit..
1304 4034 1341 4079 tr.
1362 4024 1432 4090 Xll,
1452 4038 1472 4074 c.

312 4112 372 4181 1113
394 4115 720 4185 Pyrrum-Corradum,
754 4131 801 4184 op.
821 4115 873 4172 cit.
893 4115 912 4171 l.
931 4115 992 4172 111.
1018 4115 1083 4170 Alii
1107 4131 1177 4169 varo
1199 4123 1307 4170 tenant
1326 4115 1416 4170 etiam
1434 4110 1473 4165 ni·

310 4203 402 4258 miam
420 4204 917 4276 multitudinemparochianorum
930 4206 968 4260 ad
984 4205 1127 4272 beneficii,
1138 4205 1323 4262 divisionem
1337 4203 1473 4260 sufficere.

312 4295 362 4348 Ita
382 4298 489 4363 Bouioe,
509 4294 527 4348 l.
548 4315 572 4349 o.
593 4313 618 4365 p.
638 4296 700 4364 253;
724 4297 835 4362 Wernz,
857 4295 914 4363 III,
935 4313 964 4350 n.
982 4297 1044 4351 264.
