<?xml version="1.0" encoding="UTF-8"?>
<!DOCTYPE html PUBLIC "-//W3C//DTD XHTML 1.0 Transitional//EN"
    "http://www.w3.org/TR/xhtml1/DTD/xhtml1-transitional.dtd">
<html xmlns="http://www.w3.org/1999/xhtml" xml:lang="en" lang="en">
 <head>
  <title>
</title>
<meta http-equiv="Content-Type" content="text/html;charset=utf-8" />
  <meta name='ocr-system' content='tesseract 3.04.00' />
  <meta name='ocr-capabilities' content='ocr_page ocr_carea ocr_par ocr_line ocrx_word'/>
</head>
<body>
  <div class='ocr_page' id='page_1' title='image "./elementaiurisec00munegoog_0433.png"; bbox 0 0 3200 4890; ppageno 0'>
   <div class='ocr_carea' id='block_1_1' title="bbox 1541 322 1547 349">
    <p class='ocr_par' dir='ltr' id='par_1_1' title="bbox 1541 322 1547 349">
     <span class='ocr_line' id='line_1_1' title="bbox 1541 322 1547 349; baseline 0 0"><span class='ocrx_word' id='word_1_1' title='bbox 1541 322 1547 349; x_wconf 89' lang='lat' dir='ltr'><strong>l</strong></span> 
     </span>
    </p>
   </div>
   <div class='ocr_carea' id='block_1_2' title="bbox 296 269 350 326">
    <p class='ocr_par' dir='ltr' id='par_1_2' title="bbox 296 269 350 326">
     <span class='ocr_line' id='line_1_2' title="bbox 296 269 350 326; baseline -0.037 0"><span class='ocrx_word' id='word_1_2' title='bbox 296 269 350 326; x_wconf 75' lang='lat'><strong>424</strong></span> 
     </span>
    </p>
   </div>
   <div class='ocr_carea' id='block_1_3' title="bbox 286 394 1559 4172">
    <p class='ocr_par' dir='ltr' id='par_1_3' title="bbox 293 394 1472 669">
     <span class='ocr_line' id='line_1_3' title="bbox 295 394 1472 472; baseline 0 -18"><span class='ocrx_word' id='word_1_3' title='bbox 295 417 369 456; x_wconf 91' lang='lat' dir='ltr'><strong>vero</strong></span> <span class='ocrx_word' id='word_1_4' title='bbox 390 395 481 456; x_wconf 85' lang='lat' dir='ltr'><strong>fundi</strong></span> <span class='ocrx_word' id='word_1_5' title='bbox 502 401 606 456; x_wconf 87' lang='lat' dir='ltr'><strong>certae</strong></span> <span class='ocrx_word' id='word_1_6' title='bbox 627 396 729 456; x_wconf 88' lang='lat' dir='ltr'><strong>domui</strong></span> <span class='ocrx_word' id='word_1_7' title='bbox 753 397 866 455; x_wconf 90' lang='lat' dir='ltr'><strong>tributi</strong></span> <span class='ocrx_word' id='word_1_8' title='bbox 888 395 1023 472; x_wconf 82' lang='lat' dir='ltr'><strong>legative</strong></span> <span class='ocrx_word' id='word_1_9' title='bbox 1056 398 1121 456; x_wconf 88' lang='lat' dir='ltr'><strong>sint</strong></span> <span class='ocrx_word' id='word_1_10' title='bbox 1137 394 1177 454; x_wconf 89' lang='lat' dir='ltr'><strong>ad</strong></span> <span class='ocrx_word' id='word_1_11' title='bbox 1198 395 1258 455; x_wconf 90' lang='lat' dir='ltr'><strong>Dei</strong></span> <span class='ocrx_word' id='word_1_12' title='bbox 1278 397 1406 454; x_wconf 86' lang='lat' dir='ltr'><strong>cultum</strong></span> <span class='ocrx_word' id='word_1_13' title='bbox 1427 397 1472 454; x_wconf 90' lang='lat' dir='ltr'><strong>be·</strong></span> 
     </span>
     <span class='ocr_line' id='line_1_4' title="bbox 295 493 1472 572; baseline -0.002 -18"><span class='ocrx_word' id='word_1_14' title='bbox 295 494 531 554; x_wconf 82' lang='lat' dir='ltr'><strong>neiioentiamve</strong></span> <span class='ocrx_word' id='word_1_15' title='bbox 553 513 588 553; x_wconf 90' lang='lat' dir='ltr'><strong>eo</strong></span> <span class='ocrx_word' id='word_1_16' title='bbox 609 497 676 572; x_wconf 91' lang='lat' dir='ltr'><strong>ipso</strong></span> <span class='ocrx_word' id='word_1_17' title='bbox 691 494 755 552; x_wconf 89' lang='lat' dir='ltr'><strong>loco</strong></span> <span class='ocrx_word' id='word_1_18' title='bbox 776 493 1026 571; x_wconf 69' lang='lat' dir='ltr'><strong>impendendam,</strong></span> <span class='ocrx_word' id='word_1_19' title='bbox 1041 493 1149 552; x_wconf 88' lang='lat' dir='ltr'><strong>horum</strong></span> <span class='ocrx_word' id='word_1_20' title='bbox 1163 493 1472 552; x_wconf 77' lang='lat' dir='ltr'><strong>administrationem</strong></span> 
     </span>
     <span class='ocr_line' id='line_1_5' title="bbox 293 589 1469 669; baseline -0.002 -17"><span class='ocrx_word' id='word_1_21' title='bbox 293 593 470 652; x_wconf 81' lang='lat' dir='ltr'>moderator</span> <span class='ocrx_word' id='word_1_22' title='bbox 490 591 615 667; x_wconf 91' lang='lat' dir='ltr'><strong>quidem</strong></span> <span class='ocrx_word' id='word_1_23' title='bbox 635 592 744 652; x_wconf 87' lang='lat' dir='ltr'><strong>domus</strong></span> <span class='ocrx_word' id='word_1_24' title='bbox 764 597 863 668; x_wconf 81' lang='lat' dir='ltr'>gerat,</span> <span class='ocrx_word' id='word_1_25' title='bbox 886 590 1005 652; x_wconf 82' lang='lat' dir='ltr'><strong>referat</strong></span> <span class='ocrx_word' id='word_1_26' title='bbox 1027 598 1131 650; x_wconf 90' lang='lat' dir='ltr'><strong>tamen</strong></span> <span class='ocrx_word' id='word_1_27' title='bbox 1153 589 1192 650; x_wconf 89' lang='lat' dir='ltr'><strong>ad</strong></span> <span class='ocrx_word' id='word_1_28' title='bbox 1205 593 1413 669; x_wconf 79' lang='lat' dir='ltr'><strong>Episcopum,</strong></span> <span class='ocrx_word' id='word_1_29' title='bbox 1428 595 1469 649; x_wconf 91' lang='lat' dir='ltr'><strong>ei-</strong></span> 
     </span>
    </p>

    <p class='ocr_par' dir='ltr' id='par_1_4' title="bbox 293 689 1558 1256">
     <span class='ocr_line' id='line_1_6' title="bbox 295 689 1474 767; baseline -0.004 -16"><span class='ocrx_word' id='word_1_30' title='bbox 295 711 354 766; x_wconf 89' lang='lat' dir='ltr'><strong>que</strong></span> <span class='ocrx_word' id='word_1_31' title='bbox 376 711 409 750; x_wconf 86' lang='lat' dir='ltr'><strong>se</strong></span> <span class='ocrx_word' id='word_1_32' title='bbox 431 694 554 750; x_wconf 90' lang='lat' dir='ltr'><strong>omnino</strong></span> <span class='ocrx_word' id='word_1_33' title='bbox 575 691 724 767; x_wconf 88' lang='lat' dir='ltr'><strong>praebeat</strong></span> <span class='ocrx_word' id='word_1_34' title='bbox 745 691 919 750; x_wconf 88' lang='lat' dir='ltr'><strong>obnoxium:</strong></span> <span class='ocrx_word' id='word_1_35' title='bbox 948 693 993 749; x_wconf 86' lang='lat' dir='ltr'><strong>ita</strong></span> <span class='ocrx_word' id='word_1_36' title='bbox 1015 693 1161 750; x_wconf 90' lang='lat' dir='ltr'><strong>nimirum</strong></span> <span class='ocrx_word' id='word_1_37' title='bbox 1184 696 1220 748; x_wconf 92' lang='lat' dir='ltr'><strong>ut</strong></span> <span class='ocrx_word' id='word_1_38' title='bbox 1254 708 1363 764; x_wconf 86' lang='lat' dir='ltr'><strong>neque</strong></span> <span class='ocrx_word' id='word_1_39' title='bbox 1386 689 1474 747; x_wconf 87' lang='lat' dir='ltr'><strong>Prae-</strong></span> 
     </span>
     <span class='ocr_line' id='line_1_7' title="bbox 293 787 1558 868; baseline -0.002 -22"><span class='ocrx_word' id='word_1_40' title='bbox 293 792 394 868; x_wconf 79' lang='lat' dir='ltr'><strong>posito</strong></span> <span class='ocrx_word' id='word_1_41' title='bbox 416 807 514 864; x_wconf 90' lang='lat' dir='ltr'><strong>neque</strong></span> <span class='ocrx_word' id='word_1_42' title='bbox 535 790 710 848; x_wconf 85' lang='lat' dir='ltr'><strong>Antistitae</strong></span> <span class='ocrx_word' id='word_1_43' title='bbox 732 788 868 848; x_wconf 84' lang='lat' dir='ltr'><strong>sodalitii</strong></span> <span class='ocrx_word' id='word_1_44' title='bbox 891 792 1034 848; x_wconf 86' lang='lat' dir='ltr'><strong>universi</strong></span> <span class='ocrx_word' id='word_1_45' title='bbox 1053 788 1148 848; x_wconf 88' lang='lat' dir='ltr'><strong>liceat</strong></span> <span class='ocrx_word' id='word_1_46' title='bbox 1175 787 1349 864; x_wconf 74' lang='lat' dir='ltr'><strong>quidquam</strong></span> <span class='ocrx_word' id='word_1_47' title='bbox 1374 807 1414 846; x_wconf 79' lang='lat' dir='ltr'><strong>ex</strong></span> <span class='ocrx_word' id='word_1_48' title='bbox 1434 789 1468 844; x_wconf 86' lang='lat' dir='ltr'><strong>iis</strong></span> <span class='ocrx_word' id='word_1_49' title='bbox 1557 816 1558 819; x_wconf 34' lang='lat'>¹</span> 
     </span>
     <span class='ocr_line' id='line_1_8' title="bbox 294 885 1473 964; baseline -0.004 -18"><span class='ocrx_word' id='word_1_50' title='bbox 294 887 384 946; x_wconf 90' lang='lat' dir='ltr'><strong>bonis</strong></span> <span class='ocrx_word' id='word_1_51' title='bbox 405 887 557 964; x_wconf 79' lang='lat' dir='ltr'><strong>Episcopo</strong></span> <span class='ocrx_word' id='word_1_52' title='bbox 578 886 742 957; x_wconf 84' lang='lat' dir='ltr'><strong>occultare,</strong></span> <span class='ocrx_word' id='word_1_53' title='bbox 763 885 950 964; x_wconf 86' lang='lat' dir='ltr'><strong>distrahere,</strong></span> <span class='ocrx_word' id='word_1_54' title='bbox 973 886 1022 946; x_wconf 92' lang='lat' dir='ltr'><strong>vel</strong></span> <span class='ocrx_word' id='word_1_55' title='bbox 1044 889 1077 945; x_wconf 91' lang='lat' dir='ltr'><strong>in</strong></span> <span class='ocrx_word' id='word_1_56' title='bbox 1105 887 1223 944; x_wconf 88' lang='lat' dir='ltr'><strong>alienos</strong></span> <span class='ocrx_word' id='word_1_57' title='bbox 1244 905 1324 944; x_wconf 88' lang='lat' dir='ltr'><strong>usus</strong></span> <span class='ocrx_word' id='word_1_58' title='bbox 1349 901 1473 942; x_wconf 85' lang='lat' dir='ltr'><strong>conver·</strong></span> 
     </span>
     <span class='ocr_line' id='line_1_9' title="bbox 295 984 1473 1061; baseline -0.003 -19"><span class='ocrx_word' id='word_1_59' title='bbox 295 990 371 1044; x_wconf 91' lang='lat' dir='ltr'><strong>tere.</strong></span> <span class='ocrx_word' id='word_1_60' title='bbox 394 984 516 1042; x_wconf 78' lang='lat' dir='ltr'><strong>Talium</strong></span> <span class='ocrx_word' id='word_1_61' title='bbox 539 987 637 1061; x_wconf 89' lang='lat' dir='ltr'><strong>igitur</strong></span> <span class='ocrx_word' id='word_1_62' title='bbox 652 985 796 1042; x_wconf 90' lang='lat' dir='ltr'><strong>bonorum</strong></span> <span class='ocrx_word' id='word_1_63' title='bbox 820 985 991 1061; x_wconf 76' lang='lat' dir='ltr'><strong>Episcopus</strong></span> <span class='ocrx_word' id='word_1_64' title='bbox 1017 987 1155 1042; x_wconf 85' lang='lat' dir='ltr'><strong>rationes</strong></span> <span class='ocrx_word' id='word_1_65' title='bbox 1177 986 1296 1060; x_wconf 86' lang='lat' dir='ltr'><strong>accepti</strong></span> <span class='ocrx_word' id='word_1_66' title='bbox 1321 984 1473 1058; x_wconf 87' lang='lat' dir='ltr'><strong>impensi-</strong></span> 
     </span>
     <span class='ocr_line' id='line_1_10' title="bbox 293 1079 1474 1166; baseline -0.003 -26"><span class='ocrx_word' id='word_1_67' title='bbox 293 1101 362 1158; x_wconf 90' lang='lat' dir='ltr'><strong>que,</strong></span> <span class='ocrx_word' id='word_1_68' title='bbox 383 1086 505 1158; x_wconf 91' lang='lat' dir='ltr'><strong>quoties</strong></span> <span class='ocrx_word' id='word_1_69' title='bbox 525 1082 694 1158; x_wconf 83' lang='lat' dir='ltr'><strong>videbitur,</strong></span> <span class='ocrx_word' id='word_1_70' title='bbox 717 1081 881 1158; x_wconf 64' lang='lat' dir='ltr'><strong>expendet</strong></span> <span class='ocrx_word' id='word_1_71' title='bbox 903 1082 986 1166; x_wconf 86' lang='lat' dir='ltr'><strong>idern</strong></span> <span class='ocrx_word' id='word_1_72' title='bbox 1008 1101 1047 1140; x_wconf 89' lang='lat' dir='ltr'><strong>ne</strong></span> <span class='ocrx_word' id='word_1_73' title='bbox 1068 1089 1169 1141; x_wconf 80' lang='lat' dir='ltr'><strong>sortes</strong></span> <span class='ocrx_word' id='word_1_74' title='bbox 1188 1085 1391 1158; x_wconf 88' lang='lat' dir='ltr'><strong>minuantur,</strong></span> <span class='ocrx_word' id='word_1_75' title='bbox 1413 1079 1474 1138; x_wconf 85' lang='lat' dir='ltr'><strong>red</strong></span> 
     </span>
     <span class='ocr_line' id='line_1_11' title="bbox 295 1179 977 1256; baseline 0.003 -19"><span class='ocrx_word' id='word_1_76' title='bbox 295 1179 380 1238; x_wconf 81' lang='lat' dir='ltr'><strong>ditus</strong></span> <span class='ocrx_word' id='word_1_77' title='bbox 402 1199 441 1238; x_wconf 89' lang='lat' dir='ltr'><strong>ne</strong></span> <span class='ocrx_word' id='word_1_78' title='bbox 463 1199 625 1256; x_wconf 84' lang='lat' dir='ltr'><strong>perperam</strong></span> <span class='ocrx_word' id='word_1_79' title='bbox 647 1185 823 1256; x_wconf 79' lang='lat' dir='ltr'><strong>erogentur,</strong></span> <span class='ocrx_word' id='word_1_80' title='bbox 845 1180 977 1239; x_wconf 82' lang='lat' dir='ltr'><strong>curabit.</strong></span> 
     </span>
    </p>

    <p class='ocr_par' dir='ltr' id='par_1_5' title="bbox 293 1275 1471 1925">
     <span class='ocr_line' id='line_1_12' title="bbox 415 1275 1471 1336; baseline -0.004 0"><span class='ocrx_word' id='word_1_81' title='bbox 415 1277 457 1336; x_wconf 91' lang='lat' dir='ltr'><strong>X.</strong></span> <span class='ocrx_word' id='word_1_82' title='bbox 480 1276 586 1336; x_wconf 85' lang='lat' dir='ltr'><strong>Sicubi</strong></span> <span class='ocrx_word' id='word_1_83' title='bbox 607 1277 807 1336; x_wconf 86' lang='lat' dir='ltr'><strong>sodalitatum</strong></span> <span class='ocrx_word' id='word_1_84' title='bbox 842 1276 971 1335; x_wconf 84' lang='lat' dir='ltr'><strong>aedibus</strong></span> <span class='ocrx_word' id='word_1_85' title='bbox 992 1279 1141 1334; x_wconf 90' lang='lat' dir='ltr'><strong>instituta</strong></span> <span class='ocrx_word' id='word_1_86' title='bbox 1173 1277 1312 1334; x_wconf 84' lang='lat' dir='ltr'><strong>curanda</strong></span> <span class='ocrx_word' id='word_1_87' title='bbox 1353 1275 1471 1334; x_wconf 87' lang='lat' dir='ltr'><strong>adiecta</strong></span> 
     </span>
     <span class='ocr_line' id='line_1_13' title="bbox 294 1373 1470 1452; baseline -0.004 -18"><span class='ocrx_word' id='word_1_88' title='bbox 294 1379 369 1451; x_wconf 87' lang='lat' dir='ltr'><strong>sint,</strong></span> <span class='ocrx_word' id='word_1_89' title='bbox 390 1378 438 1433; x_wconf 88' lang='lat' dir='ltr'><strong>uti</strong></span> <span class='ocrx_word' id='word_1_90' title='bbox 471 1394 636 1450; x_wconf 79' lang='lat' dir='ltr'><strong>gynaecea,</strong></span> <span class='ocrx_word' id='word_1_91' title='bbox 658 1374 931 1450; x_wconf 87' lang='lat' dir='ltr'><strong>orphanotrophia,</strong></span> <span class='ocrx_word' id='word_1_92' title='bbox 955 1373 1192 1450; x_wconf 87' lang='lat' dir='ltr'><strong>valetudinaria,</strong></span> <span class='ocrx_word' id='word_1_93' title='bbox 1225 1375 1364 1452; x_wconf 87' lang='lat' dir='ltr'><strong>scholae,</strong></span> <span class='ocrx_word' id='word_1_94' title='bbox 1389 1373 1470 1450; x_wconf 80' lang='lat' dir='ltr'><strong>asyla</strong></span> 
     </span>
     <span class='ocr_line' id='line_1_14' title="bbox 294 1469 1470 1549; baseline -0.003 -19"><span class='ocrx_word' id='word_1_95' title='bbox 294 1475 400 1549; x_wconf 92' lang='lat' dir='ltr'><strong>pueris</strong></span> <span class='ocrx_word' id='word_1_96' title='bbox 421 1471 610 1546; x_wconf 84' lang='lat' dir='ltr'><strong>erudiendis3</strong></span> <span class='ocrx_word' id='word_1_97' title='bbox 632 1470 809 1547; x_wconf 77' lang='lat' dir='ltr'><strong>Episcopali</strong></span> <span class='ocrx_word' id='word_1_98' title='bbox 831 1471 1015 1546; x_wconf 82' lang='lat' dir='ltr'><strong>vigilantiae</strong></span> <span class='ocrx_word' id='word_1_99' title='bbox 1048 1489 1084 1528; x_wconf 89' lang='lat' dir='ltr'><strong>ea</strong></span> <span class='ocrx_word' id='word_1_100' title='bbox 1119 1474 1221 1528; x_wconf 90' lang='lat' dir='ltr'><strong>omnia</strong></span> <span class='ocrx_word' id='word_1_101' title='bbox 1243 1471 1374 1530; x_wconf 87' lang='lat' dir='ltr'><strong>subsint</strong></span> <span class='ocrx_word' id='word_1_102' title='bbox 1396 1469 1470 1545; x_wconf 84' lang='lat' dir='ltr'><strong>quod</strong></span> 
     </span>
     <span class='ocr_line' id='line_1_15' title="bbox 294 1568 1469 1648; baseline -0.006 -17"><span class='ocrx_word' id='word_1_103' title='bbox 294 1575 416 1648; x_wconf 84' lang='lat' dir='ltr'><strong>spectat</strong></span> <span class='ocrx_word' id='word_1_104' title='bbox 437 1569 473 1627; x_wconf 87' lang='lat' dir='ltr'><strong>ad</strong></span> <span class='ocrx_word' id='word_1_105' title='bbox 497 1568 658 1644; x_wconf 85' lang='lat' dir='ltr'><strong>religionis</strong></span> <span class='ocrx_word' id='word_1_106' title='bbox 680 1572 870 1646; x_wconf 82' lang='lat' dir='ltr'><strong>magisteria,</strong></span> <span class='ocrx_word' id='word_1_107' title='bbox 892 1569 1087 1628; x_wconf 87' lang='lat' dir='ltr'><strong>honestatem</strong></span> <span class='ocrx_word' id='word_1_108' title='bbox 1109 1589 1237 1647; x_wconf 88' lang='lat' dir='ltr'><strong>morum,</strong></span> <span class='ocrx_word' id='word_1_109' title='bbox 1265 1573 1469 1630; x_wconf 83' lang='lat' dir='ltr'><strong>exercitatio-</strong></span> 
     </span>
     <span class='ocr_line' id='line_1_16' title="bbox 293 1665 1469 1745; baseline -0.001 -19"><span class='ocrx_word' id='word_1_110' title='bbox 293 1689 349 1728; x_wconf 87' lang='lat' dir='ltr'><strong>nes</strong></span> <span class='ocrx_word' id='word_1_111' title='bbox 372 1669 508 1745; x_wconf 86' lang='lat' dir='ltr'><strong>pietatis,</strong></span> <span class='ocrx_word' id='word_1_112' title='bbox 530 1685 688 1726; x_wconf 89' lang='lat' dir='ltr'><strong>sacrorum</strong></span> <span class='ocrx_word' id='word_1_113' title='bbox 709 1667 1022 1744; x_wconf 84' lang='lat' dir='ltr'><strong>administrationem,</strong></span> <span class='ocrx_word' id='word_1_114' title='bbox 1048 1671 1183 1744; x_wconf 81' lang='lat' dir='ltr'><strong>integris</strong></span> <span class='ocrx_word' id='word_1_115' title='bbox 1205 1675 1310 1728; x_wconf 88' lang='lat' dir='ltr'><strong>tamen</strong></span> <span class='ocrx_word' id='word_1_116' title='bbox 1333 1665 1469 1744; x_wconf 89' lang='lat' dir='ltr'><strong>privile-</strong></span> 
     </span>
     <span class='ocr_line' id='line_1_17' title="bbox 293 1765 1467 1844; baseline -0.003 -20"><span class='ocrx_word' id='word_1_117' title='bbox 293 1770 364 1844; x_wconf 83' lang='lat' dir='ltr'><strong>giis,</strong></span> <span class='ocrx_word' id='word_1_118' title='bbox 386 1786 463 1841; x_wconf 88' lang='lat' dir='ltr'><strong>quae</strong></span> <span class='ocrx_word' id='word_1_119' title='bbox 486 1765 634 1843; x_wconf 89' lang='lat' dir='ltr'><strong>collegiis,</strong></span> <span class='ocrx_word' id='word_1_120' title='bbox 655 1765 778 1842; x_wconf 88' lang='lat' dir='ltr'><strong>scholis,</strong></span> <span class='ocrx_word' id='word_1_121' title='bbox 801 1767 997 1825; x_wconf 86' lang='lat' dir='ltr'><strong>institutisve</strong></span> <span class='ocrx_word' id='word_1_122' title='bbox 1020 1767 1169 1826; x_wconf 89' lang='lat' dir='ltr'><strong>eiusmodi</strong></span> <span class='ocrx_word' id='word_1_123' title='bbox 1191 1788 1209 1825; x_wconf 88' lang='lat' dir='ltr'><strong>a</strong></span> <span class='ocrx_word' id='word_1_124' title='bbox 1231 1766 1311 1827; x_wconf 84' lang='lat' dir='ltr'><strong>Sede</strong></span> <span class='ocrx_word' id='word_1_125' title='bbox 1334 1769 1467 1842; x_wconf 72' lang='lat' dir='ltr'><strong>Aposto-</strong></span> 
     </span>
     <span class='ocr_line' id='line_1_18' title="bbox 293 1867 591 1925; baseline -0.003 0"><span class='ocrx_word' id='word_1_126' title='bbox 293 1867 353 1925; x_wconf 90' lang='lat' dir='ltr'><strong>lioa</strong></span> <span class='ocrx_word' id='word_1_127' title='bbox 375 1869 440 1923; x_wconf 88' lang='lat' dir='ltr'><strong>sint</strong></span> <span class='ocrx_word' id='word_1_128' title='bbox 463 1867 591 1924; x_wconf 88' lang='lat' dir='ltr'><strong>tributa.</strong></span> 
     </span>
    </p>

    <p class='ocr_par' dir='ltr' id='par_1_6' title="bbox 286 1963 1465 3504">
     <span class='ocr_line' id='line_1_19' title="bbox 416 1963 1465 2040; baseline -0.002 -20"><span class='ocrx_word' id='word_1_129' title='bbox 416 1963 476 2022; x_wconf 89' lang='lat' dir='ltr'><strong>XI.</strong></span> <span class='ocrx_word' id='word_1_130' title='bbox 497 1964 535 2022; x_wconf 92' lang='lat' dir='ltr'><strong>In</strong></span> <span class='ocrx_word' id='word_1_131' title='bbox 571 1963 780 2038; x_wconf 86' lang='lat' dir='ltr'><strong>quarumlibet</strong></span> <span class='ocrx_word' id='word_1_132' title='bbox 812 1963 1013 2022; x_wconf 73' lang='lat' dir='ltr'><strong>sodalitatum</strong></span> <span class='ocrx_word' id='word_1_133' title='bbox 1041 1963 1183 2022; x_wconf 89' lang='lat' dir='ltr'><strong>domibus</strong></span> <span class='ocrx_word' id='word_1_134' title='bbox 1204 1969 1276 2022; x_wconf 86' lang='lat' dir='ltr'><strong>vota</strong></span> <span class='ocrx_word' id='word_1_135' title='bbox 1311 1963 1465 2040; x_wconf 87' lang='lat' dir='ltr'><strong>simplicia</strong></span> 
     </span>
     <span class='ocr_line' id='line_1_20' title="bbox 291 2060 1463 2138; baseline -0.002 -20"><span class='ocrx_word' id='word_1_136' title='bbox 291 2060 515 2138; x_wconf 89' lang='lat' dir='ltr'><strong>profitentium,</strong></span> <span class='ocrx_word' id='word_1_137' title='bbox 537 2061 700 2136; x_wconf 88' lang='lat' dir='ltr'><strong>Episcopis</strong></span> <span class='ocrx_word' id='word_1_138' title='bbox 721 2063 868 2134; x_wconf 91' lang='lat' dir='ltr'><strong>cuiusque</strong></span> <span class='ocrx_word' id='word_1_139' title='bbox 890 2060 1041 2118; x_wconf 88' lang='lat' dir='ltr'><strong>dioecesis</strong></span> <span class='ocrx_word' id='word_1_140' title='bbox 1063 2063 1181 2136; x_wconf 73' lang='lat' dir='ltr'><strong>ineest</strong></span> <span class='ocrx_word' id='word_1_141' title='bbox 1209 2061 1371 2119; x_wconf 86' lang='lat' dir='ltr'><strong>invisendi</strong></span> <span class='ocrx_word' id='word_1_142' title='bbox 1393 2067 1463 2116; x_wconf 88' lang='lat' dir='ltr'><strong>tem-</strong></span> 
     </span>
     <span class='ocr_line' id='line_1_21' title="bbox 292 2157 1462 2234; baseline -0.003 -18"><span class='ocrx_word' id='word_1_143' title='bbox 292 2158 353 2234; x_wconf 89' lang='lat' dir='ltr'><strong>pla,</strong></span> <span class='ocrx_word' id='word_1_144' title='bbox 375 2161 521 2234; x_wconf 83' lang='lat' dir='ltr'><strong>sacraria,</strong></span> <span class='ocrx_word' id='word_1_145' title='bbox 543 2161 678 2216; x_wconf 90' lang='lat' dir='ltr'><strong>oratoria</strong></span> <span class='ocrx_word' id='word_1_146' title='bbox 692 2157 825 2234; x_wconf 88' lang='lat' dir='ltr'><strong>publica,</strong></span> <span class='ocrx_word' id='word_1_147' title='bbox 840 2157 983 2216; x_wconf 85' lang='lat' dir='ltr'><strong>sedesad</strong></span> <span class='ocrx_word' id='word_1_148' title='bbox 999 2164 1227 2216; x_wconf 86' lang='lat' dir='ltr'><strong>sacramentum</strong></span> <span class='ocrx_word' id='word_1_149' title='bbox 1242 2159 1462 2234; x_wconf 85' lang='lat' dir='ltr'><strong>poenitentiae,</strong></span> 
     </span>
     <span class='ocr_line' id='line_1_22' title="bbox 290 2255 1461 2333; baseline -0.003 -19"><span class='ocrx_word' id='word_1_150' title='bbox 290 2257 329 2314; x_wconf 92' lang='lat' dir='ltr'><strong>de</strong></span> <span class='ocrx_word' id='word_1_151' title='bbox 352 2258 451 2330; x_wconf 90' lang='lat' dir='ltr'><strong>iisque</strong></span> <span class='ocrx_word' id='word_1_152' title='bbox 473 2262 644 2331; x_wconf 86' lang='lat' dir='ltr'><strong>opportune</strong></span> <span class='ocrx_word' id='word_1_153' title='bbox 672 2255 831 2314; x_wconf 88' lang='lat' dir='ltr'><strong>statuendi</strong></span> <span class='ocrx_word' id='word_1_154' title='bbox 854 2255 990 2314; x_wconf 90' lang='lat' dir='ltr'><strong>iubendi.</strong></span> <span class='ocrx_word' id='word_1_155' title='bbox 1012 2255 1052 2298; x_wconf 80' lang='lat'><strong>&#39;-</strong></span> <span class='ocrx_word' id='word_1_156' title='bbox 1071 2255 1107 2314; x_wconf 90' lang='lat' dir='ltr'><strong>In</strong></span> <span class='ocrx_word' id='word_1_157' title='bbox 1145 2256 1400 2333; x_wconf 83' lang='lat' dir='ltr'><strong>presbyterorum</strong></span> <span class='ocrx_word' id='word_1_158' title='bbox 1421 2271 1461 2311; x_wconf 88' lang='lat' dir='ltr'><strong>so·</strong></span> 
     </span>
     <span class='ocr_line' id='line_1_23' title="bbox 291 2351 1463 2429; baseline -0.005 -17"><span class='ocrx_word' id='word_1_159' title='bbox 291 2352 476 2429; x_wconf 88' lang='lat' dir='ltr'><strong>dalitiis,de</strong></span> <span class='ocrx_word' id='word_1_160' title='bbox 498 2355 687 2411; x_wconf 88' lang='lat' dir='ltr'><strong>conscientia</strong></span> <span class='ocrx_word' id='word_1_161' title='bbox 709 2371 744 2410; x_wconf 86' lang='lat' dir='ltr'><strong>aa</strong></span> <span class='ocrx_word' id='word_1_162' title='bbox 764 2351 941 2428; x_wconf 87' lang='lat' dir='ltr'><strong>disciplina,</strong></span> <span class='ocrx_word' id='word_1_163' title='bbox 970 2355 1045 2410; x_wconf 89' lang='lat' dir='ltr'><strong>item</strong></span> <span class='ocrx_word' id='word_1_164' title='bbox 1066 2353 1105 2412; x_wconf 91' lang='lat' dir='ltr'><strong>de</strong></span> <span class='ocrx_word' id='word_1_165' title='bbox 1127 2373 1162 2411; x_wconf 89' lang='lat' dir='ltr'><strong>re</strong></span> <span class='ocrx_word' id='word_1_166' title='bbox 1198 2356 1392 2411; x_wconf 88' lang='lat' dir='ltr'><strong>oeconomica</strong></span> <span class='ocrx_word' id='word_1_167' title='bbox 1413 2352 1463 2408; x_wconf 90' lang='lat' dir='ltr'><strong>uni</strong></span> 
     </span>
     <span class='ocr_line' id='line_1_24' title="bbox 292 2449 1461 2526; baseline -0.002 -18"><span class='ocrx_word' id='word_1_168' title='bbox 292 2451 452 2526; x_wconf 85' lang='lat' dir='ltr'><strong>praesides</strong></span> <span class='ocrx_word' id='word_1_169' title='bbox 473 2455 668 2524; x_wconf 81' lang='lat' dir='ltr'><strong>cognoscent.</strong></span> <span class='ocrx_word' id='word_1_170' title='bbox 690 2449 729 2506; x_wconf 89' lang='lat' dir='ltr'><strong>In</strong></span> <span class='ocrx_word' id='word_1_171' title='bbox 751 2450 1031 2520; x_wconf 77' lang='lat' dir='ltr'><strong>consociationibus</strong></span> <span class='ocrx_word' id='word_1_172' title='bbox 1052 2465 1127 2509; x_wconf 85' lang='lat' dir='ltr'><strong>vero</strong></span> <span class='ocrx_word' id='word_1_173' title='bbox 1148 2449 1349 2526; x_wconf 81' lang='lat' dir='ltr'><strong>feminarum,</strong></span> <span class='ocrx_word' id='word_1_174' title='bbox 1371 2465 1461 2523; x_wconf 86' lang='lat' dir='ltr'><strong>aeque</strong></span> 
     </span>
     <span class='ocr_line' id='line_1_25' title="bbox 291 2547 1461 2624; baseline -0.003 -18"><span class='ocrx_word' id='word_1_175' title='bbox 291 2567 328 2606; x_wconf 87' lang='lat' dir='ltr'><strong>ac</strong></span> <span class='ocrx_word' id='word_1_176' title='bbox 349 2549 486 2605; x_wconf 81' lang='lat' dir='ltr'><strong>virorum</strong></span> <span class='ocrx_word' id='word_1_177' title='bbox 508 2550 560 2622; x_wconf 90' lang='lat' dir='ltr'><strong>qui</strong></span> <span class='ocrx_word' id='word_1_178' title='bbox 583 2547 755 2606; x_wconf 83' lang='lat' dir='ltr'><strong>sacerdotio</strong></span> <span class='ocrx_word' id='word_1_179' title='bbox 777 2547 948 2622; x_wconf 89' lang='lat' dir='ltr'><strong>abstinent,</strong></span> <span class='ocrx_word' id='word_1_180' title='bbox 964 2547 1110 2624; x_wconf 88' lang='lat' dir='ltr'><strong>Episcopi</strong></span> <span class='ocrx_word' id='word_1_181' title='bbox 1125 2549 1188 2605; x_wconf 92' lang='lat' dir='ltr'><strong>erit</strong></span> <span class='ocrx_word' id='word_1_182' title='bbox 1212 2550 1374 2622; x_wconf 89' lang='lat' dir='ltr'><strong>inquirere</strong></span> <span class='ocrx_word' id='word_1_183' title='bbox 1395 2563 1461 2604; x_wconf 89' lang='lat' dir='ltr'><strong>num</strong></span> 
     </span>
     <span class='ocr_line' id='line_1_26' title="bbox 290 2645 1459 2722; baseline -0.001 -20"><span class='ocrx_word' id='word_1_184' title='bbox 290 2646 458 2722; x_wconf 88' lang='lat' dir='ltr'><strong>disciplina</strong></span> <span class='ocrx_word' id='word_1_185' title='bbox 480 2645 519 2703; x_wconf 91' lang='lat' dir='ltr'><strong>ad</strong></span> <span class='ocrx_word' id='word_1_186' title='bbox 542 2646 644 2722; x_wconf 89' lang='lat' dir='ltr'><strong>legum</strong></span> <span class='ocrx_word' id='word_1_187' title='bbox 666 2667 804 2704; x_wconf 89' lang='lat' dir='ltr'><strong>normam</strong></span> <span class='ocrx_word' id='word_1_188' title='bbox 827 2649 942 2722; x_wconf 88' lang='lat' dir='ltr'><strong>vigeat,</strong></span> <span class='ocrx_word' id='word_1_189' title='bbox 965 2666 1039 2704; x_wconf 91' lang='lat' dir='ltr'><strong>num</strong></span> <span class='ocrx_word' id='word_1_190' title='bbox 1060 2645 1133 2721; x_wconf 88' lang='lat' dir='ltr'><strong>quid</strong></span> <span class='ocrx_word' id='word_1_191' title='bbox 1150 2665 1226 2704; x_wconf 88' lang='lat' dir='ltr'><strong>sana</strong></span> <span class='ocrx_word' id='word_1_192' title='bbox 1240 2645 1386 2706; x_wconf 86' lang='lat' dir='ltr'><strong>doctrina</strong></span> <span class='ocrx_word' id='word_1_193' title='bbox 1406 2663 1459 2704; x_wconf 58' lang='lat' dir='ltr'><strong>mo²</strong></span> 
     </span>
     <span class='ocr_line' id='line_1_27' title="bbox 291 2745 1460 2821; baseline -0.002 -19"><span class='ocrx_word' id='word_1_194' title='bbox 291 2763 399 2814; x_wconf 86' lang='lat' dir='ltr'><strong>rumve</strong></span> <span class='ocrx_word' id='word_1_195' title='bbox 421 2745 561 2819; x_wconf 84' lang='lat' dir='ltr'><strong>probitas</strong></span> <span class='ocrx_word' id='word_1_196' title='bbox 582 2745 765 2802; x_wconf 89' lang='lat' dir='ltr'><strong>detrimenti</strong></span> <span class='ocrx_word' id='word_1_197' title='bbox 788 2747 915 2821; x_wconf 85' lang='lat' dir='ltr'><strong>ceperit,</strong></span> <span class='ocrx_word' id='word_1_198' title='bbox 939 2764 1014 2804; x_wconf 90' lang='lat' dir='ltr'><strong>num</strong></span> <span class='ocrx_word' id='word_1_199' title='bbox 1036 2751 1143 2803; x_wconf 86' lang='lat' dir='ltr'><strong>contra</strong></span> <span class='ocrx_word' id='word_1_200' title='bbox 1164 2745 1340 2803; x_wconf 87' lang='lat' dir='ltr'><strong>clausuram</strong></span> <span class='ocrx_word' id='word_1_201' title='bbox 1364 2762 1460 2821; x_wconf 89' lang='lat' dir='ltr'><strong>pecca·</strong></span> 
     </span>
     <span class='ocr_line' id='line_1_28' title="bbox 292 2843 1460 2918; baseline 0.002 -18"><span class='ocrx_word' id='word_1_202' title='bbox 292 2855 368 2918; x_wconf 89' lang='lat' dir='ltr'><strong>tum,</strong></span> <span class='ocrx_word' id='word_1_203' title='bbox 390 2863 463 2900; x_wconf 90' lang='lat' dir='ltr'><strong>num</strong></span> <span class='ocrx_word' id='word_1_204' title='bbox 486 2847 679 2900; x_wconf 86' lang='lat' dir='ltr'><strong>sacramenta</strong></span> <span class='ocrx_word' id='word_1_205' title='bbox 701 2849 797 2918; x_wconf 75' lang='lat' dir='ltr'><strong>aequa</strong></span> <span class='ocrx_word' id='word_1_206' title='bbox 819 2847 961 2916; x_wconf 67' lang='lat' dir='ltr'><strong>statiique</strong></span> <span class='ocrx_word' id='word_1_207' title='bbox 983 2843 1162 2918; x_wconf 85' lang='lat' dir='ltr'><strong>frequentia</strong></span> <span class='ocrx_word' id='word_1_208' title='bbox 1183 2845 1406 2918; x_wconf 89' lang='lat' dir='ltr'><strong>suscipiantur.</strong></span> <span class='ocrx_word' id='word_1_209' title='bbox 1429 2873 1460 2882; x_wconf 91' lang='lat'>-</span> 
     </span>
     <span class='ocr_line' id='line_1_29' title="bbox 291 2939 1459 3018; baseline 0 -22"><span class='ocrx_word' id='word_1_210' title='bbox 291 2939 546 3015; x_wconf 85' lang='lat' dir='ltr'><strong>Reprehensione</strong></span> <span class='ocrx_word' id='word_1_211' title='bbox 567 2940 696 3016; x_wconf 91' lang='lat' dir='ltr'><strong>dignum</strong></span> <span class='ocrx_word' id='word_1_212' title='bbox 718 2943 745 2998; x_wconf 90' lang='lat' dir='ltr'><strong>si</strong></span> <span class='ocrx_word' id='word_1_213' title='bbox 766 2940 841 3015; x_wconf 91' lang='lat' dir='ltr'><strong>quid</strong></span> <span class='ocrx_word' id='word_1_214' title='bbox 863 2941 1035 3018; x_wconf 88' lang='lat' dir='ltr'><strong>Episcopus</strong></span> <span class='ocrx_word' id='word_1_215' title='bbox 1056 2941 1139 3001; x_wconf 85' lang='lat' dir='ltr'><strong>forte</strong></span> <span class='ocrx_word' id='word_1_216' title='bbox 1160 2939 1338 3015; x_wconf 85' lang='lat' dir='ltr'><strong>offenderit,</strong></span> <span class='ocrx_word' id='word_1_217' title='bbox 1362 2961 1400 3000; x_wconf 90' lang='lat' dir='ltr'><strong>ne</strong></span> <span class='ocrx_word' id='word_1_218' title='bbox 1413 2939 1459 2998; x_wconf 88' lang='lat' dir='ltr'><strong>de-</strong></span> 
     </span>
     <span class='ocr_line' id='line_1_30' title="bbox 290 3035 1458 3116; baseline -0.001 -22"><span class='ocrx_word' id='word_1_219' title='bbox 290 3041 399 3094; x_wconf 87' lang='lat' dir='ltr'><strong>cernat</strong></span> <span class='ocrx_word' id='word_1_220' title='bbox 421 3035 512 3096; x_wconf 88' lang='lat' dir='ltr'><strong>illico:</strong></span> <span class='ocrx_word' id='word_1_221' title='bbox 535 3037 745 3096; x_wconf 86' lang='lat' dir='ltr'><strong>moderatores</strong></span> <span class='ocrx_word' id='word_1_222' title='bbox 765 3041 814 3095; x_wconf 90' lang='lat' dir='ltr'><strong>uti</strong></span> <span class='ocrx_word' id='word_1_223' title='bbox 835 3042 1028 3115; x_wconf 87' lang='lat' dir='ltr'><strong>prospiciant</strong></span> <span class='ocrx_word' id='word_1_224' title='bbox 1049 3046 1182 3116; x_wconf 69' lang='lat' dir='ltr'><strong>moneat3</strong></span> <span class='ocrx_word' id='word_1_225' title='bbox 1204 3041 1258 3113; x_wconf 90' lang='lat' dir='ltr'><strong>qui</strong></span> <span class='ocrx_word' id='word_1_226' title='bbox 1280 3042 1306 3097; x_wconf 87' lang='lat' dir='ltr'><strong>si</strong></span> <span class='ocrx_word' id='word_1_227' title='bbox 1340 3037 1458 3116; x_wconf 82' lang='lat' dir='ltr'><strong>neglex-</strong></span> 
     </span>
     <span class='ocr_line' id='line_1_31' title="bbox 286 3135 1455 3220; baseline -0.001 -29"><span class='ocrx_word' id='word_1_228' title='bbox 286 3136 383 3210; x_wconf 83' lang='lat' dir='ltr'><strong>erint,</strong></span> <span class='ocrx_word' id='word_1_229' title='bbox 407 3135 550 3220; x_wconf 83' lang='lat' dir='ltr'><strong>ipseper</strong></span> <span class='ocrx_word' id='word_1_230' title='bbox 572 3153 604 3194; x_wconf 90' lang='lat' dir='ltr'><strong>se</strong></span> <span class='ocrx_word' id='word_1_231' title='bbox 626 3135 776 3195; x_wconf 86' lang='lat' dir='ltr'><strong>consulat.</strong></span> <span class='ocrx_word' id='word_1_232' title='bbox 801 3135 834 3194; x_wconf 85' lang='lat' dir='ltr'><strong>Si</strong></span> <span class='ocrx_word' id='word_1_233' title='bbox 856 3155 934 3210; x_wconf 89' lang='lat' dir='ltr'><strong>quae</strong></span> <span class='ocrx_word' id='word_1_234' title='bbox 957 3142 1060 3195; x_wconf 86' lang='lat' dir='ltr'><strong>tamen</strong></span> <span class='ocrx_word' id='word_1_235' title='bbox 1083 3137 1209 3194; x_wconf 89' lang='lat' dir='ltr'><strong>maioris</strong></span> <span class='ocrx_word' id='word_1_236' title='bbox 1245 3139 1395 3196; x_wconf 87' lang='lat' dir='ltr'><strong>momenti</strong></span> <span class='ocrx_word' id='word_1_237' title='bbox 1415 3151 1455 3192; x_wconf 92' lang='lat' dir='ltr'><strong>oc-</strong></span> 
     </span>
     <span class='ocr_line' id='line_1_32' title="bbox 288 3233 1456 3309; baseline 0.003 -21"><span class='ocrx_word' id='word_1_238' title='bbox 288 3237 418 3288; x_wconf 87' lang='lat' dir='ltr'><strong>currant</strong></span> <span class='ocrx_word' id='word_1_239' title='bbox 440 3249 517 3305; x_wconf 89' lang='lat' dir='ltr'><strong>quae</strong></span> <span class='ocrx_word' id='word_1_240' title='bbox 552 3251 668 3290; x_wconf 86' lang='lat' dir='ltr'><strong>moram</strong></span> <span class='ocrx_word' id='word_1_241' title='bbox 690 3253 750 3290; x_wconf 90' lang='lat' dir='ltr'><strong>non</strong></span> <span class='ocrx_word' id='word_1_242' title='bbox 776 3239 951 3309; x_wconf 84' lang='lat' dir='ltr'><strong>expectent,</strong></span> <span class='ocrx_word' id='word_1_243' title='bbox 973 3233 1122 3294; x_wconf 87' lang='lat' dir='ltr'><strong>decernat</strong></span> <span class='ocrx_word' id='word_1_244' title='bbox 1143 3235 1264 3294; x_wconf 87' lang='lat' dir='ltr'><strong>statim:</strong></span> <span class='ocrx_word' id='word_1_245' title='bbox 1301 3235 1456 3293; x_wconf 87' lang='lat' dir='ltr'><strong>decretum</strong></span> 
     </span>
     <span class='ocr_line' id='line_1_33' title="bbox 290 3329 1457 3408; baseline 0 -20"><span class='ocrx_word' id='word_1_246' title='bbox 290 3338 364 3388; x_wconf 84' lang='lat' dir='ltr'><strong>ver&#39;o</strong></span> <span class='ocrx_word' id='word_1_247' title='bbox 385 3329 424 3386; x_wconf 88' lang='lat' dir='ltr'><strong>ad</strong></span> <span class='ocrx_word' id='word_1_248' title='bbox 446 3349 567 3388; x_wconf 87' lang='lat' dir='ltr'><strong>sacrum</strong></span> <span class='ocrx_word' id='word_1_249' title='bbox 589 3329 759 3389; x_wconf 79' lang='lat' dir='ltr'><strong>Consilium</strong></span> <span class='ocrx_word' id='word_1_250' title='bbox 781 3329 905 3390; x_wconf 85' lang='lat' dir='ltr'><strong>deferat</strong></span> <span class='ocrx_word' id='word_1_251' title='bbox 926 3332 1087 3408; x_wconf 87' lang='lat' dir='ltr'><strong>Episcopis</strong></span> <span class='ocrx_word' id='word_1_252' title='bbox 1109 3350 1145 3390; x_wconf 87' lang='lat' dir='ltr'><strong>ac</strong></span> <span class='ocrx_word' id='word_1_253' title='bbox 1166 3331 1398 3408; x_wconf 88' lang='lat' dir='ltr'><strong>Religiosorum</strong></span> <span class='ocrx_word' id='word_1_254' title='bbox 1417 3349 1457 3389; x_wconf 86' lang='lat' dir='ltr'><strong>or·</strong></span> 
     </span>
     <span class='ocr_line' id='line_1_34' title="bbox 288 3426 658 3504; baseline 0.003 -20"><span class='ocrx_word' id='word_1_255' title='bbox 288 3426 416 3485; x_wconf 88' lang='lat' dir='ltr'><strong>dinibus</strong></span> <span class='ocrx_word' id='word_1_256' title='bbox 438 3430 658 3504; x_wconf 90' lang='lat' dir='ltr'><strong>praepositum.</strong></span> 
     </span>
    </p>

    <p class='ocr_par' dir='ltr' id='par_1_7' title="bbox 286 3525 1559 4172">
     <span class='ocr_line' id='line_1_35' title="bbox 368 3525 1449 3605; baseline 0.001 -24"><span class='ocrx_word' id='word_1_257' title='bbox 368 3525 549 3602; x_wconf 88' lang='lat' dir='ltr'><strong>Episcopus,</strong></span> <span class='ocrx_word' id='word_1_258' title='bbox 572 3528 604 3582; x_wconf 90' lang='lat' dir='ltr'><strong>in</strong></span> <span class='ocrx_word' id='word_1_259' title='bbox 636 3528 818 3587; x_wconf 86' lang='lat' dir='ltr'><strong>visitatione</strong></span> <span class='ocrx_word' id='word_1_260' title='bbox 853 3530 1058 3604; x_wconf 88' lang='lat' dir='ltr'><strong>potissimum,</strong></span> <span class='ocrx_word' id='word_1_261' title='bbox 1079 3527 1210 3604; x_wconf 88' lang='lat' dir='ltr'><strong>iuribus,</strong></span> <span class='ocrx_word' id='word_1_262' title='bbox 1246 3547 1325 3604; x_wconf 86' lang='lat' dir='ltr'><strong>quae</strong></span> <span class='ocrx_word' id='word_1_263' title='bbox 1363 3544 1449 3605; x_wconf 88' lang='lat' dir='ltr'><strong>supra</strong></span> 
     </span>
     <span class='ocr_line' id='line_1_36' title="bbox 287 3621 1453 3703; baseline 0.003 -25"><span class='ocrx_word' id='word_1_264' title='bbox 287 3621 434 3698; x_wconf 89' lang='lat' dir='ltr'><strong>diximus,</strong></span> <span class='ocrx_word' id='word_1_265' title='bbox 469 3629 577 3681; x_wconf 84' lang='lat' dir='ltr'><strong>utatur</strong></span> <span class='ocrx_word' id='word_1_266' title='bbox 598 3626 663 3682; x_wconf 90' lang='lat' dir='ltr'><strong>suis</strong></span> <span class='ocrx_word' id='word_1_267' title='bbox 685 3625 764 3699; x_wconf 87' lang='lat' dir='ltr'><strong>quod</strong></span> <span class='ocrx_word' id='word_1_268' title='bbox 799 3631 920 3702; x_wconf 80' lang='lat' dir='ltr'><strong>spectat</strong></span> <span class='ocrx_word' id='word_1_269' title='bbox 955 3625 994 3683; x_wconf 90' lang='lat' dir='ltr'><strong>ad</strong></span> <span class='ocrx_word' id='word_1_270' title='bbox 1017 3625 1147 3703; x_wconf 88' lang='lat' dir='ltr'><strong>scholas,</strong></span> <span class='ocrx_word' id='word_1_271' title='bbox 1182 3625 1269 3703; x_wconf 85' lang='lat' dir='ltr'><strong>asyla</strong></span> <span class='ocrx_word' id='word_1_272' title='bbox 1296 3632 1453 3702; x_wconf 86' lang='lat' dir='ltr'><strong>ceteraque</strong></span> 
     </span>
     <span class='ocr_line' id='line_1_37' title="bbox 290 3723 1453 3799; baseline 0.001 -21"><span class='ocrx_word' id='word_1_273' title='bbox 290 3726 457 3778; x_wconf 87' lang='lat' dir='ltr'><strong>memorata</strong></span> <span class='ocrx_word' id='word_1_274' title='bbox 493 3723 649 3781; x_wconf 87' lang='lat' dir='ltr'><strong>instituta.</strong></span> <span class='ocrx_word' id='word_1_275' title='bbox 671 3757 711 3766; x_wconf 89' lang='lat'><em>-</em></span> <span class='ocrx_word' id='word_1_276' title='bbox 731 3723 779 3780; x_wconf 90' lang='lat' dir='ltr'><strong>Ad</strong></span> <span class='ocrx_word' id='word_1_277' title='bbox 803 3743 868 3782; x_wconf 87' lang='lat' dir='ltr'><strong>rem</strong></span> <span class='ocrx_word' id='word_1_278' title='bbox 890 3743 963 3782; x_wconf 90' lang='lat' dir='ltr'><strong>vero</strong></span> <span class='ocrx_word' id='word_1_279' title='bbox 998 3726 1221 3783; x_wconf 89' lang='lat' dir='ltr'><strong>oeconomicam</strong></span> <span class='ocrx_word' id='word_1_280' title='bbox 1242 3724 1324 3799; x_wconf 91' lang='lat' dir='ltr'><strong>quod</strong></span> <span class='ocrx_word' id='word_1_281' title='bbox 1346 3727 1453 3784; x_wconf 86' lang='lat' dir='ltr'><strong>attinet</strong></span> 
     </span>
     <span class='ocr_line' id='line_1_38' title="bbox 287 3815 1559 3908; baseline 0.008 -35"><span class='ocrx_word' id='word_1_282' title='bbox 287 3815 486 3876; x_wconf 90' lang='lat' dir='ltr'><strong>muliebrium</strong></span> <span class='ocrx_word' id='word_1_283' title='bbox 508 3819 708 3878; x_wconf 86' lang='lat' dir='ltr'><strong>sodalitatum</strong></span> <span class='ocrx_word' id='word_1_284' title='bbox 743 3823 878 3896; x_wconf 80' lang='lat' dir='ltr'><strong>itemque</strong></span> <span class='ocrx_word' id='word_1_285' title='bbox 900 3823 1037 3880; x_wconf 88' lang='lat' dir='ltr'><strong>virorum</strong></span> <span class='ocrx_word' id='word_1_286' title='bbox 1073 3823 1246 3882; x_wconf 86' lang='lat' dir='ltr'><strong>sacerdotio</strong></span> <span class='ocrx_word' id='word_1_287' title='bbox 1275 3827 1450 3898; x_wconf 87' lang='lat' dir='ltr'><strong>carentium,</strong></span> <span class='ocrx_word' id='word_1_288' title='bbox 1558 3835 1559 3908; x_wconf 61' lang='lat' dir='ltr'><strong>l</strong></span> 
     </span>
     <span class='ocr_line' id='line_1_39' title="bbox 286 3915 1454 3998; baseline 0.003 -26"><span class='ocrx_word' id='word_1_289' title='bbox 286 3915 460 3992; x_wconf 88' lang='lat' dir='ltr'><strong>Episcopus</strong></span> <span class='ocrx_word' id='word_1_290' title='bbox 481 3936 520 3975; x_wconf 90' lang='lat' dir='ltr'><strong>ne</strong></span> <span class='ocrx_word' id='word_1_291' title='bbox 555 3927 719 3995; x_wconf 87' lang='lat' dir='ltr'><strong>cognoscat</strong></span> <span class='ocrx_word' id='word_1_292' title='bbox 740 3923 803 3978; x_wconf 90' lang='lat' dir='ltr'><strong>nisi</strong></span> <span class='ocrx_word' id='word_1_293' title='bbox 837 3919 875 3979; x_wconf 89' lang='lat' dir='ltr'><strong>de</strong></span> <span class='ocrx_word' id='word_1_294' title='bbox 896 3919 1062 3980; x_wconf 85' lang='lat' dir='ltr'><strong>fundorum</strong></span> <span class='ocrx_word' id='word_1_295' title='bbox 1083 3921 1297 3998; x_wconf 87' lang='lat' dir='ltr'><strong>legatorumve</strong></span> <span class='ocrx_word' id='word_1_296' title='bbox 1334 3921 1454 3982; x_wconf 88' lang='lat' dir='ltr'><strong>admini·</strong></span> 
     </span>
     <span class='ocr_line' id='line_1_40' title="bbox 288 4016 1454 4096; baseline 0.008 -25"><span class='ocrx_word' id='word_1_297' title='bbox 288 4016 550 4089; x_wconf 85' lang='lat' dir='ltr'><strong>stratione,q11ae</strong></span> <span class='ocrx_word' id='word_1_298' title='bbox 573 4019 669 4074; x_wconf 86' lang='lat' dir='ltr'><strong>sacris</strong></span> <span class='ocrx_word' id='word_1_299' title='bbox 692 4020 757 4076; x_wconf 92' lang='lat' dir='ltr'><strong>sint</strong></span> <span class='ocrx_word' id='word_1_300' title='bbox 778 4019 941 4096; x_wconf 87' lang='lat' dir='ltr'><strong>attributa,</strong></span> <span class='ocrx_word' id='word_1_301' title='bbox 964 4018 1014 4077; x_wconf 90' lang='lat' dir='ltr'><strong>vel</strong></span> <span class='ocrx_word' id='word_1_302' title='bbox 1035 4018 1093 4077; x_wconf 90' lang='lat' dir='ltr'><strong>loci</strong></span> <span class='ocrx_word' id='word_1_303' title='bbox 1116 4025 1171 4078; x_wconf 88' lang='lat' dir='ltr'><strong>aut</strong></span> <span class='ocrx_word' id='word_1_304' title='bbox 1191 4019 1345 4080; x_wconf 88' lang='lat' dir='ltr'><strong>dioecesis</strong></span> <span class='ocrx_word' id='word_1_305' title='bbox 1381 4025 1454 4080; x_wconf 89' lang='lat' dir='ltr'><strong>ineo·</strong></span> 
     </span>
     <span class='ocr_line' id='line_1_41' title="bbox 288 4111 506 4172; baseline 0.014 -4"><span class='ocrx_word' id='word_1_306' title='bbox 288 4111 329 4169; x_wconf 89' lang='lat' dir='ltr'><strong>lis</strong></span> <span class='ocrx_word' id='word_1_307' title='bbox 350 4113 506 4172; x_wconf 89' lang='lat' dir='ltr'><strong>iuvandis.</strong></span> 
     </span>
    </p>
   </div>
   <div class='ocr_carea' id='block_1_4' title="bbox 0 0 1604 4890">
    <p class='ocr_par' dir='ltr' id='par_1_8' title="bbox 0 0 1604 4890">
     <span class='ocr_line' id='line_1_42' title="bbox 0 0 1604 4890; baseline 0 2"><span class='ocrx_word' id='word_1_308' title='bbox 0 0 1604 4890; x_wconf 95' lang='lat' dir='ltr'><strong> </strong></span> 
     </span>
    </p>
   </div>
  </div>
 </body>
</html>
