3266 4896
1318 327 1352 380 97

180 443 224 509 R.
250 441 408 509 Pontifici
432 465 500 507 non
523 444 686 528 competit
709 466 750 507 ex
773 442 923 508 dominio
947 445 1125 530 temporali
1150 452 1204 532 (l),
1230 449 1286 516 sed
1310 475 1353 518 ex

174 559 300 617 nature
326 549 434 637 ipsius
458 551 627 616 societatis
643 551 887 618 ecclesiasticae
904 562 996 618 etex
1015 555 1188 621 voluntate
1201 557 1352 624 eiusdem

175 657 348 724 creatoris
370 656 468 723 iuxta
494 658 599 723 verba
622 658 655 724 S.
681 658 900 746 scripturae:
940 687 958 721 ‹
983 663 1052 748 Epo
1083 671 1194 729 nutem
1231 667 1350 732 concti-

175 772 268 830 tatns
289 786 364 830 sum
387 787 449 830 rec
472 767 514 829 ab
537 787 581 849 eo,
605 787 708 851 cuper
731 768 812 833 Sion
836 775 977 833 montem
1000 777 1152 835 sanctum
1176 773 1247 836 dns
1272 799 1303 839 ».

265 861 314 936 Et
336 894 454 938 revera
488 867 593 938 etiam
629 895 727 956 nune,
763 883 840 959 post
863 873 1076 941 amissionem
1099 877 1240 943 dominii
1265 887 1349 946 tem-

174 977 309 1064 poralis,
334 977 367 1044 S.
392 976 551 1044 Pontifex
576 999 691 1045 veram
714 987 749 1044 et
771 979 1004 1047 immediatam
1027 989 1228 1068 potestatem
1254 1007 1349 1052 exer-

174 1093 222 1150 cet
250 1089 305 1169 (2).
340 1087 386 1152 Et
409 1086 524 1152 nullus
559 1085 722 1172 Princeps
746 1085 859 1152 civilis
882 1089 1064 1154 contestari
1100 1097 1212 1175 potest
1235 1092 1350 1177 Papae

71 1199 77 1206 “
173 1193 404 1260 characterem
435 1193 738 1279 Repraesentantis
773 1193 941 1260 unitatem
966 1197 1149 1262 centralem
1175 1199 1349 1266 Ecclesiae

171 1299 358 1366 catholicae
381 1303 437 1384 (3).
1310 1318 1311 1322 ’

265 1410 338 1474 108.
365 1408 499 1475 Scimus
525 1418 700 1495 praeterea
723 1433 764 1475 ex
787 1411 903 1477 eadem
927 1411 1110 1499 Theologia
1135 1413 1222 1478 hanc
1255 1423 1348 1502 pote·

172 1523 306 1600 statem,
322 1539 399 1580 cum
415 1515 586 1602 pertineat
598 1517 640 1581 ad
655 1515 765 1602 ipsam
782 1517 954 1584 Ecclesiae
969 1517 1256 1605 constitutionem,
1278 1543 1349 1587 esse

171 1629 373 1708 perpetuam
395 1622 538 1708 ideoque
560 1631 595 1690 et
617 1625 660 1690 ad
683 1644 890 1690 successores
913 1625 1121 1710 pertransire
1144 1636 1179 1692 et
1191 1627 1230 1693 B.
1245 1627 1348 1694 Petro

170 1725 208 1792 in
231 1727 434 1794 auctoritate
456 1727 643 1814 primatiali
659 1729 836 1795 succedere
853 1752 1031 1796 romanum
1054 1730 1264 1817 Episcopum
1288 1736 1345 1816 (4).

170 1834 284 1920 Igitur
307 1835 341 1901 S.
367 1834 527 1901 Pontifex
558 1845 598 1900 ut
614 1835 804 1922 Episcopus
829 1839 958 1904 Romae
982 1839 1108 1923 gaudet
1144 1837 1347 1905 auctoritate

170 1941 281 2026 plena,
305 1940 512 2024 immediata,
538 1963 705 2027 suprema,
730 1943 925 2010 includente
948 1945 1174 2030 apostolatum
1191 1953 1226 2010 et
1242 1944 1345 2010 infal-

169 2046 367 2114 libilitatem
392 2055 402 2132 (
430 2056 449 2130 ).

240 2260 282 2332 (1)
301 2259 347 2316 01.
366 2261 403 2318 D’
418 2265 542 2330 Olivart,
563 2261 617 2332 Op.
636 2263 687 2318 cit.
707 2281 734 2334 p.
755 2265 797 2330 11,
821 2264 863 2329 12,
884 2261 1021 2340 affirmat:
1044 2263 1118 2316 «Le
1138 2261 1215 2317 chef·
1228 2263 1264 2316 de
1286 2263 1344 2320 l’E·

169 2349 250 2420 glise
271 2350 446 2424 eatholiqna
467 2369 484 2405 a
505 2351 532 2406 le
553 2350 634 2405 droit
654 2351 682 2406 d'
696 2359 760 2406 etre
774 2351 867 2407 truite
886 2368 1000 2405 comme
1020 2369 1061 2406 un
1082 2351 1244 2406 souverain
1261 2352 1344 2408 inde·

167 2439 312 2510 pendant,
340 2457 376 2494 en
398 2440 503 2496 raison
524 2441 560 2494 de
592 2457 627 2494 sa
645 2441 774 2496 mission
803 2440 907 2495 divine
928 2447 959 2495 et
984 2441 1025 2494 du
1043 2439 1203 2496 ministdre
1225 2449 1344 2512 aposto·

167 2527 252 2600 lique
272 2527 354 2600 qu’il
374 2545 482 2583 exerce
503 2545 555 2583 sur
575 2529 603 2583 le
623 2529 731 2584 monde
751 2529 858 2598 entier,
880 2535 911 2583 et
930 2528 998 2584 cela
1011 2531 1107 2584 meme
1127 2546 1164 2584 en
1184 2529 1345 2584 dehorsde

167 2623 253 2672 tonte
286 2617 512 2672 consideration
533 2618 569 2673 de
590 2618 781 2690 principante
801 2626 831 2673 et
851 2618 886 2672 de
908 2618 1034 2690 ponvoir
1054 2617 1127 2672 civil
1148 2636 1174 2673 a.

239 2709 318 2763 Item
339 2714 369 2764 et
390 2707 537 2775 Geffolccn,
564 2709 608 2762 La
628 2707 816 2764 conditione
837 2707 886 2762 del
920 2709 949 2763 S.
970 2707 1124 2762 Pontefice
1156 2708 1205 2762 nel
1227 2708 1343 2764 Diritto

166 2796 421 2860 internecionele,
441 2814 469 2868 p.
487 2797 530 2860 44,
551 2795 676 2851 scribit:
697 2816 713 2850 «
733 2795 800 2850 Non
821 2796 847 2852 si
867 2795 927 2868 pud
946 2803 1125 2851 ammettere
1145 2797 1199 2851 che
1216 2797 1237 2850 il
1259 2797 1345 2868 Papa

165 2885 311 2959 possieda
330 2902 392 2941 una
411 2903 495 2940 mera
514 2886 672 2941 sovranitt
691 2885 847 2940 onorifice.
866 2885 1061 2958 lmperocche
1081 2885 1111 2940 la
1132 2885 1344 2941 inviolabilita

165 2975 249 3030 della
267 2991 399 3047 persona
418 2992 434 3029 o
454 2975 536 3029 della
555 2975 724 3042 residenza,
752 2976 775 3029 il
795 2975 904 3028 diritto
924 2974 1021 3030 attivo
1050 2993 1066 3030 e
1087 2975 1210 3046 passivo
1230 2975 1261 3030 di
1282 2993 1343 3030 am·

166 3064 329 3133 banniario,
350 3082 411 3119 non
432 3081 506 3119 sono
527 3064 627 3119 diritti
654 3065 684 3120 di
709 3082 791 3120 mero
811 3050 912 3131 onore,
933 3082 981 3118 ma
1000 3065 1157 3136 privilegii
1178 3064 1305 3137 positivi
1326 3082 1343 3119 e

165 3153 356 3221 sostanziali,
377 3154 405 3208 al
427 3153 492 3225 pari
513 3154 596 3224 degli
617 3155 762 3226 analoglri
777 3154 877 3208 diritti
898 3154 947 3208 del
968 3155 1023 3223 Re;
1044 3172 1059 3209 e
1080 3161 1160 3208 sotto
1181 3154 1282 3226 questi
1304 3154 1342 3207 ri·
1375 3201 1384 3215 ,

164 3244 259 3315 spotti
281 3243 303 3298 il
323 3242 480 3299 Pontefice
501 3244 517 3299 δ
537 3244 697 3312 parificato
717 3245 747 3298 ai
767 3244 833 3299 veri
853 3244 977 3299 sorrani
997 3263 1021 3297 ».

236 3352 278 3423 (2)
298 3351 379 3423 Apte
401 3352 439 3408 el.
458 3353 550 3420 Corsi,
569 3353 615 3408 La
642 3353 813 3408 situatione
834 3355 951 3408 attuale
971 3352 1053 3408 della
1073 3353 1102 3408 S.
1121 3352 1198 3407 Sede
1219 3352 1269 3406 nel
1289 3351 1343 3406 Di·

163 3442 239 3495 ritto
260 3441 521 3496 internetionsle:
553 3461 570 3494 «
591 3441 618 3496 11
640 3441 724 3513 Papa
757 3443 890 3497 eseroita
919 3449 1036 3496 tuttora
1056 3441 1065 3496 i
1086 3441 1186 3496 diritti
1207 3440 1343 3495 interna-

162 3530 286 3595 zionali,
307 3528 415 3602 poiche
434 3530 461 3584 si
482 3538 569 3585 treva
589 3531 640 3585 nel
660 3548 802 3602 possesso
822 3549 838 3586 e
858 3533 909 3587 nel
926 3531 1103 3601 godimento
1123 3529 1172 3585 dei
1193 3529 1294 3584 diritti
1310 3529 1340 3583 di

163 3619 331 3688 sovranitd;
351 3619 405 3674 che
426 3636 459 3674 se
479 3636 548 3674 esso
568 3637 626 3674 non
648 3620 781 3675 esercita
800 3620 856 3674 tali
872 3619 973 3675 diritti
987 3621 1115 3692 rispetto
1130 3637 1147 3672 a
1167 3618 1270 3690 quello
1285 3618 1341 3673 che

162 3726 215 3764 erc
234 3708 333 3780 prima
354 3709 376 3763 il
395 3707 552 3764 territorio
571 3726 706 3773 romano,
738 3709 760 3764 li
787 3709 918 3764 eseroita
950 3727 1009 3764 non
1041 3715 1182 3780 pertento
1203 3706 1235 3762 in
1254 3707 1340 3762 Vati·

161 3815 247 3865 cano,
268 3798 345 3854 dove
366 3799 382 3854 ὁ
402 3815 532 3854 sovrano
564 3799 625 3854 alla
657 3799 723 3870 pari
749 3799 778 3853 di
801 3800 975 3872 qualunque
995 3800 1074 3854 altro
1094 3815 1224 3854 sovreno
1245 3815 1260 3852 e
1280 3797 1340 3866 pub

161 3886 269 3959 quindi
290 3887 455 3944 esercitare
470 3888 479 3942 i
495 3887 594 3943 diritti
609 3888 664 3944 che
680 3889 741 3943 alla
756 3888 913 3944 sovranitt
932 3895 1117 3961 competono,
1133 3887 1229 3943 anche
1244 3884 1340 3956 quelli

159 3973 412 4046 giurisdiaionali
432 3976 469 4031 ed
489 3975 512 4030 il
531 3992 635 4047 potere
656 3976 822 4031 coercitivo
843 3995 868 4032 ».

233 4083 276 4154 (3)
296 4081 362 4139 Gir.
387 4085 518 4152 croton,
536 4101 584 4155 op.
602 4084 653 4139 cit.
674 4084 698 4143 1.
719 4102 750 4142 n.
768 4086 813 4140 69.

232 4173 273 4244 (4)
294 4173 386 4231 (lone.
406 4174 488 4231 Flor.
508 4181 538 4229 et
558 4173 657 4230 Vatia.
677 4173 737 4228 iarn
757 4173 810 4230 cit.

232 4264 272 4334 (t)
292 4262 384 4319 Onne.
404 4263 556 4336 Lugdun,
569 4263 658 4330 Flor,
670 4261 771 4320 Vatic.
781 4261 845 4320 Gfr.
857 4267 971 4336 Paptr'a,
985 4262 1031 4318 De
1047 4262 1134 4320 Rom.
1145 4261 1309 4321 Pontifice.

212 4383 346 4430 Murrum
360 4408 385 4418 -·
400 4383 519 4430 Meum
533 4387 596 4431 rum
608 4385 662 4431 eccl.
673 4385 739 4440 pull.
753 4389 775 4430 et
784 4389 888 4442 privati.
1243 4388 1258 4432 8
