3200 4890
243 299 244 304 ‘
304 331 359 388 era

395 449 509 528 Nota.
534 459 676 526 Praeter
698 458 789 526 viam
813 482 915 546 quam
942 455 1189 548 explicavimus
1205 457 1421 528 *resolvendi
1447 461 1487 526 li-

305 573 357 632 tes
386 587 432 631 sc.
449 568 589 652 publica
615 569 815 634 anctoritate
847 589 912 652 per
934 569 1072 653 indicia,
1096 567 1183 634 alius
1218 569 1324 635 datur
1364 565 1487 634 modus

304 670 465 758 pacificae
487 672 603 740 litium
626 674 871 762 compositioni,
899 674 1030 741 scilicet
1039 672 1410 762 privato'anctoritote
1421 698 1488 760 pm

306 781 544 846 transactiones
567 789 602 846 et
623 783 764 848 arbitros
787 792 889 869 prout
911 781 1051 849 edicunt
1085 781 1138 848 tit.
1162 783 1205 847 36
1228 791 1264 849 et
1299 785 1345 848 43
1370 783 1433 848 lib.
1456 782 1487 855 I.

304 885 546 956 Decretalium.
570 879 622 954 Dc
645 887 699 954 his
722 895 835 955 tamen
858 889 936 954 vide
959 889 1050 976 apud
1073 889 1259 974 Theologos
1284 892 1343 973 (1).

780 1243 935 1310 cAPUn
958 1244 1006 1310 11.

631 1403 667 1482 te
692 1403 797 1482 tctctt
821 1407 849 1481 rt
871 1405 961 1495 coecis
986 1405 1010 1481 tr
1034 1420 1141 1494 renero.

827 1640 903 1684 nnn.
927 1640 950 1684 1.

815 1763 847 1824 lla
865 1761 967 1824 teleta.

390 1939 465 2003 212.
491 1937 695 2006 Delictum
721 1961 780 2006 seu
804 1939 934 2004 crimen
955 1940 1002 2022 (2)
1024 1935 1196 2003 definitur:
1232 1938 1364 2004 iniusta
1388 1942 1487 2004 actio

302 2047 353 2110 cet
390 2047 522 2110 omissio
545 2047 676 2111 auctori
691 2075 694 2082 ¹
712 2067 771 2112 ano
787 2046 997 2130 impotabilis
1020 2063 1105 2131 qnae
1127 2045 1276 2110 ordinem
1315 2047 1481 2111 sodalem

303 2154 416 2218 turbat
439 2153 494 2236 (3).

390 2257 564 2324 Plurimae
587 2260 714 2324 dantur
736 2258 853 2324 delicti
884 2257 1077 2339 divisionem
1102 2265 1139 2322 at
1160 2256 1367 2344 praecipuae
1396 2266 1488 2324 sunt

301 2365 429 2430 ratione
452 2355 574 2449 reatos,
600 2367 728 2432 ratione
751 2368 892 2454 effectae,
918 2367 1044 2432 ratione
1066 2365 1145 2451 fori.

389 2471 416 2538 I.
444 2473 586 2538 Ratione
625 2480 739 2538 rectas
768 2472 930 2538 delictum
969 2470 1196 2556 distinguitur
1218 2470 1255 2537 in
1293 2493 1414 2537 ceram
1455 2481 1488 2538 et

300 2581 580 2665 qnasi-delictum.

397 2689 517 2752 Veram
540 2686 668 2752 dicitur
690 2687 750 2752 illa
772 2687 857 2772 legis
879 2686 1020 2753 violatio
1042 2685 1132 2752 unde
1154 2687 1193 2752 ob
1210 2687 1324 2752 dolam
1350 2687 1399 2770 (4)
1426 2688 1490 2752 dc·
1582 2723 1583 2734 κ

300 2792 496 2879 linquentis,
520 2795 682 2861 damnum
705 2794 856 2860 infertur
879 2793 1032 2861 societati
1056 2801 1091 2860 et
1113 2792 1269 2880 privatis.

299 2999 301 3008 ’
370 2990 409 3058 (1)
428 2989 489 3048 Cfr.
510 2994 645 3057 Piseettc‚
665 3007 713 3061 op.
732 2989 783 3046 cit.

368 3097 408 3165 (2)
428 3096 489 3152 Hic
509 3097 781 3154 indiscriminatim
809 3106 995 3170 usurpantur
1014 3097 1173 3161 vocabula,
1191 3101 1304 3154 crimen
1326 3103 1358 3150 et
1386 3099 1482 3153 ciclic-

300 3189 374 3242 tcm.
404 3187 553 3243 Delictum
573 3187 754 3242 vocabulum
787 3194 833 3240 est
862 3185 1090 3257 significatione
1115 3185 1325 3246 universalius
1345 3191 1378 3239 et
1399 3203 1481 3239 com·

299 3273 432 3343 munius;
451 3278 563 3330 crimen
583 3274 675 3329 etiam
705 3292 798 3330 sensu
817 3274 935 3330 verbali
955 3273 1111 3346 significat
1131 3273 1245 3329 factum
1274 3273 1482 3328 accusatione

299 3369 329 3417 et
350 3363 545 3418 damnatione
565 3363 700 3434 dignum.
720 3363 782 3418 cfr.
802 3367 890 3436 Leqa,
911 3382 939 3420 n.
959 3366 1000 3430 16,
1021 3372 1083 3420 not.

370 3471 411 3540 (3)
432 3469 553 3526 Crimen
586 3477 793 3541 et'peccatum
825 3471 856 3525 in
889 3488 925 3525 co
954 3469 1101 3526 differunt
1131 3469 1210 3542 quod
1238 3485 1328 3523 omne
1348 3467 1479 3539 quidem

298 3559 412 3614 crimen
444 3566 492 3614 ast
517 3559 609 3614 etiam
629 3567 795 3630 paccatum,
815 3560 868 3614 sed
888 3569 1046 3630 peccatum
1064 3567 1129 3614 tum
1149 3565 1268 3614 tantum
1287 3563 1336 3612 est
1355 3557 1479 3612 crimen

299 3649 419 3721 quando
431 3658 590 3706 externum
603 3656 658 3717 est,
672 3649 795 3720 legibus
808 3649 951 3704 humanis
970 3649 1157 3721 prohibitum
1169 3656 1200 3705 et
1211 3648 1311 3719 ipsum
1332 3645 1475 3702 ordinem

298 3739 444 3794 socialem
463 3741 631 3812 perturbat.
651 3739 714 3796 cfr.
732 3743 866 3808 Aictncr,
887 3757 933 3812 op.
952 3741 1004 3798 cit.
1023 3739 1042 3814 ᾖ
1063 3741 1124 3797 216.

369 3846 411 3918 (4)
429 3849 525 3904 Dolus
543 3851 591 3902 est
612 3850 798 3904 ‹deliberata
813 3853 952 3906 voluntas
964 3852 1157 3922 delinquendi
1170 3867 1194 3904 a.
1213 3846 1249 3902 In
1265 3845 1332 3902 iure
1343 3861 1476 3900 romano

298 3935 502 4005 distinguitur
521 3937 609 3994 dolus
624 3939 722 3993 honus
741 3944 771 3992 et
789 3942 900 3994 matus.
920 3942 1021 3995 Bonna
1034 3943 1081 3992 est
1093 3937 1223 3993 honesta
1232 3935 1403 4006 calliditas,
1416 3951 1473 3988 sau

296 4024 409 4095 peritia
428 4033 459 4080 et
478 4025 640 4095 prudentia
668 4025 699 4080 in
719 4027 855 4097 negotiis
874 4025 1070 4099 peragendis,
1097 4031 1199 4084 matus
1226 4031 1274 4081 est
1304 4024 1476 4090 calliditas,

296 4113 429 4182 fallacia,
461 4115 647 4170 machinatio
669 4116 708 4170 ad
727 4115 1035 4184 circumveniendum,
1055 4115 1232 4183 fallendum,
1252 4114 1473 4186 decipiendum

295 4204 425 4259 alterurn
446 4204 595 4261 adhibita.
613 4205 661 4260 Ex
680 4205 741 4276 leg.
759 4205 783 4271 1,
803 4205 822 4278 ξ
842 4209 886 4262 De
904 4209 972 4264 dolo
992 4209 1103 4262 mato.-
