3220 4898
353 355 410 410 252

354 501 432 546 rum
464 477 682 564 simplicium,
717 477 755 544 in
776 477 903 544 Ordine
935 477 1072 564 proprie
1106 477 1208 544 dieto.
1243 476 1354 543 Hodie
1376 499 1457 542 vero
1478 499 1519 542 so·

356 585 478 653 lemnia
504 585 669 673 professio
693 585 844 651 virorum
865 585 1016 650 invalide
1026 586 1067 651 fit
1081 592 1161 650 ante
1176 607 1304 650 annum
1319 585 1419 668 XIX,
1435 584 1520 648 iuxta

354 695 532 760 deoretum
568 694 601 760 S.
637 692 921 779 Congregationis
954 715 1057 778 super
1090 692 1191 758 Statu
1226 691 1455 776 Regularium
1487 691 1519 754 19

357 800 475 868 martii
502 803 599 867 1857.

446 909 495 973 ΙΙ.
520 908 570 974 Ut
593 906 781 973 novitiatus
803 906 1023 994 praecesserit
1045 907 1087 971 de
1109 929 1177 991 quo
1198 928 1303 992 supra
1326 910 1383 988 (1).

446 1013 514 1079 III.
538 1013 588 1078 Ut
621 1013 741 1078 saltem
770 1012 916 1078 triennio
950 1021 1029 1077 ante
1054 1011 1147 1077 edite
1169 1011 1238 1076 sint
1261 1012 1411 1096 (expleto
1439 1009 1518 1074 novi-

357 1117 447 1184 tiatu
471 1129 506 1184 et
529 1119 660 1186 deeimo
682 1127 777 1186 sexto
800 1119 921 1184 aetatis
944 1133 1044 1197 anno)
1067 1127 1147 1186 vota
1169 1119 1373 1206 simplicia(
1400 1125 1421 1202 ).

448 1225 510 1291 IV.
537 1225 728 1292 Consensus
752 1234 787 1291 et
809 1226 1006 1311 aooeptati05
1040 1249 1199 1312 expressa
1225 1226 1281 1290 vel
1306 1225 1413 1291 tacita
1437 1222 1518 1290 Ordi-

357 1331 411 1398 nis
435 1355 495 1398 seu
507 1333 657 1399 Praelati
681 1333 724 1398 ad
747 1355 848 1418 quem
870 1334 1019 1418 pertinet
1038 1333 1076 1399 in
1102 1333 1265 1400 Ordinem
1289 1339 1447 1417 cooptare
1473 1333 1518 1414 (3).

448 1439 489 1505 V.
515 1440 566 1506 Ut
588 1439 753 1528 professio
785 1449 905 1526 sponte
926 1441 1019 1506 faeta
1049 1441 1103 1525 sit,
1139 1441 1234 1506 nullo
1268 1448 1410 1525 cogente
1441 1445 1519 1503 metu

304 1597 306 1602 s
362 1544 492 1611 iniusto
515 1569 554 1611 ae
577 1546 676 1632 gravi
711 1569 770 1612 seu
792 1546 830 1612 in
852 1546 967 1622 virum
990 1556 1201 1612 constantem
1223 1546 1363 1611 cadente
1388 1549 1444 1628 (4).

448 1669 482 1736 N
487 1678 551 1738 ota
575 1710 618 1718 —
653 1671 705 1735 De
748 1670 1013 1756 obligationibus
1055 1671 1290 1758 religiosorum
1325 1671 1406 1736 vide
1443 1667 1518 1754 apud

354 1776 544 1863 Theologos
570 1786 581 1861 (
608 1785 629 1860 ).

898 2015 1007 2058 ΑΒΤῙΟ.
1033 2015 1083 2057 111.

422 2137 454 2199 tta
474 2137 618 2212 fontane
637 2138 665 2198 at
686 2136 865 2198 sentententiae
882 2138 1010 2212 rigente
1028 2136 1124 2208 erntt.
1148 2136 1182 2198 nt
1201 2138 1230 2198 nt
1249 2135 1317 2198 attan
1337 2135 1469 2211 rettgtonn

491 2227 665 2289 transeuntis
690 2225 726 2287 nt
745 2229 807 2288 ann
826 2227 927 2288 etanstn
945 2240 1090 2301 quierntne
1108 2229 1138 2288 te
1157 2242 1230 2288 nese
1249 2227 1400 2301 tarentina.

451 2405 505 2469 80.
531 2402 714 2490 Reguleris
749 2403 791 2468 ad
816 2402 1062 2488 Episcopatum
1098 2409 1235 2467 evectus
1272 2407 1430 2467 votorum
1451 2393 1517 2464 obli-

308 2531 314 2539 ·
356 2511 557 2597 gationibus
579 2534 647 2577 non
680 2510 835 2575 solvitur.
871 2510 958 2574 Nam
992 2508 1207 2594 Episcopalis
1230 2507 1382 2593 dignitas
1407 2513 1517 2573 statum

432 2726 469 2791 (1)
489 2724 525 2778 In
547 2723 676 2778 articulo
697 2723 813 2789 mortis,
834 2721 1155 2777 excommunicatione
1169 2720 1413 2791 privilegiorum,
1433 2719 1517 2790 potest

360 2813 508 2880 novitius,
541 2812 634 2892 etiam
654 2819 725 2868 ante
746 2820 885 2868 exactum
904 2811 1094 2882 probationis
1113 2827 1226 2865 annum
1247 2809 1389 2864 emittere
1420 2805 1518 2880 profes·

356 2902 487 2958 sionem.
507 2901 570 2957 cn.
589 2905 668 2970 Piat,
688 2920 736 2973 op.
754 2921 779 2958 o.
799 2901 822 2970 1,
842 2920 869 2973 p.
887 2903 948 2968 396,
968 2902 1015 2968 973
1036 2903 1230 2968 Vermeersch,
1251 2917 1299 2970 op.
1318 2899 1372 2955 eit.
1390 2899 1415 2966 1,
1426 2916 1452 2952 n.
1470 2894 1516 2948 200.

433 3009 475 3081 (2)
496 3010 558 3066 on.
579 3011 607 3065 S.
628 3010 661 3064 C.
681 3017 874 3081 superstate
892 3007 1095 3079 Regularium
1117 3009 1149 3062 19
1168 3006 1272 3062 Martii
1295 3007 1364 3062 1857
1385 3013 1416 3060 et
1430 3005 1516 3060 Consi.

363 3103 410 3156 Pii
430 3102 511 3156 IX0«
531 3103 578 3154 Ad
596 3104 774 3156 aniversalis
794 3117 809 3150 »
829 3101 844 3152 7
864 3099 954 3154 Febr.
975 3100 1053 3154 1861.

432 3208 471 3278 (3)
501 3205 563 3262 eff,
584 3206 656 3277 Gap.
688 3209 721 3261 16
746 3210 1013 3276 adapostolicam,
1034 3207 1071 3260 de
1104 3169 1315 3274 Reguiaribus
1347 3199 1516 3258 ubidicitur

357 3296 495 3367 obligari
513 3313 571 3366 per
587 3295 804 3366 professionem
824 3301 962 3352 emissam
978 3297 1098 3366 pariter
1117 3301 1144 3351 et
1161 3299 1315 3363 acceptam
1336 3297 1388 3365 qut
1407 3299 1460 3347 ete.

350 3443 353 3452 ,
433 3405 475 3476 (4)
496 3404 558 3460 Ofr.
578 3405 650 3476 Cap.
669 3405 692 3471 1,
719 3409 756 3462 de
774 3410 810 3461 its
828 3422 904 3477 qnae
922 3409 951 3460 oi
969 3411 1098 3461 metusve
1116 3421 1209 3461 eausa
1228 3407 1313 3476 fiunt,
1335 3411 1365 3458 et-
1384 3421 1447 3474 eap.
1473 3395 1515 3450 ult·

367 3493 454 3558 italo,
476 3496 530 3557 Qnt
550 3497 657 3560 cleriei,
677 3498 721 3550 oet
739 3499 871 3550 voventes
890 3497 1007 3563 possint
1019 3497 1247 3550 matrimonium
1266 3496 1448 3549 contrahere,
1465 3483 1499 3540 Cf
1510 3522 1514 3535 ·

352 3584 496 3649 Piscetto,
517 3583 541 3644 Ι,
564 3600 593 3638 n.
610 3583 675 3650 21&
696 3585 797 3650 Icard,
818 3583 858 3649 11,
879 3602 908 3639 n.
925 3583 987 3638 467.

434 3672 470 3726 in
491 3671 592 3738 Italia,
613 3672 663 3743 qui
685 3672 946 3741 primee'militurn
963 3671 1054 3728 olaesi
1075 3673 1101 3742 (t
1123 3670 1293 3740 categoria)
1313 3671 1512 3728 inscribuntur,

359 3777 417 3815 neo
437 3768 565 3830 possunt
583 3761 729 3815 certiores
751 3760 817 3815 fieri
838 3762 917 3834 quod
936 3761 1032 3832 inepti
1066 3762 1102 3815 ad
1117 3761 1312 3816 serviendum
1335 3760 1460 3815 militiae
1477 3753 1513 3805 de·

357 3850 515 3904 olerentur
533 3849 723 3921 (reformati),
740 3864 893 3922 nequeunt
914 3851 952 3905 ad
972 3852 1137 3905 solemnem
1161 3849 1381 3922 professionem
1410 3855 1458 3903 aut
1484 3839 1511 3895 ad

351 3940 486 3994 'ordines
506 3957 609 3994 saeros
630 3939 751 3995 admitti
775 3941 835 3994 nisi
850 3947 918 4012 post
937 3941 1118 4010 completum
1142 3948 1262 4012 tempus
1281 3939 1450 3994 ordinariae
1472 3931 1512 3987 mi·

362 4030 449 4085 litiae
467 4029 516 4084 vel
537 4037 696 4100 postquam
717 4030 811 4101 inepti
827 4030 942 4085 fuerint
957 4031 1102 4086 declarati
1122 4039 1157 4086 ut
1177 4031 1312 4086 decrevit
1344 4029 1374 4085 S.
1393 4027 1424 4084 Ο.
1441 4036 1511 4093 super

356 4119 483 4190 discipl.
503 4137 566 4190 reg.
586 4120 635 4175 die
654 4121 689 4174 27
708 4121 783 4176 Nov.
803 4121 886 4178 1892.v

433 4228 475 4298 (5)
495 4228 719 4300 videsis-apud
741 4232 875 4298 Pisoettoa
895 4230 919 4286 I.
940 4248 968 4286 n.
985 4231 1039 4284 sla
1060 4236 1090 4284 et
1104 4247 1188 4300 seqq.
