3198 4898
1253 379 1308 436 355
1408 381 1409 384 ,

134 499 175 566 in
195 499 314 585 primis
352 507 485 588 oportet
514 509 589 566 acta
608 523 725 568 canone
750 501 793 567 ab
816 503 897 568 actio
918 502 1041 568 indicii.
1074 501 1164 568 Acta
1187 524 1306 570 causae

136 615 218 674 sunt
241 630 327 692 quae
350 607 538 693 respiciunt
564 606 723 675 meritum
748 631 867 674 causae
891 607 963 674 sive
985 609 1207 694 quaestionem
1231 617 1306 676 acta
1377 631 1378 634 ¹

143 710 262 778 iudicii
296 730 382 797 quae
417 719 592 799 ponuntur
623 719 662 777 ut
692 713 858 778 instantia
890 712 1061 779 iudicialis
1082 705 1305 800 exigamr'ad

143 841 298 894 normam
320 819 433 906 legum
456 841 629 905 processus
655 847 673 880 c
689 819 806 906 Magni
830 820 988 906 ponderis
1010 827 1062 886 est
1082 820 1165 886 haec
1187 819 1306 886 distin·

140 923 219 1011 atie,
244 926 293 990 ait
315 925 409 1012 Lege
432 929 487 1010 (1),
523 925 603 1011 quia
629 935 704 992 acta
727 925 844 998 iudicii
872 949 957 1012 quae
987 927 1162 1014 proprium
1185 927 1306 993 consti-

139 1039 244 1098 tuunt
266 1054 467 1117 processum,
502 1021 599 1098 finita
621 1039 681 1096 aut
703 1053 914 1117 quocumque
936 1033 1034 1098 modo
1057 1039 1232 1120 perempta
1253 1032 1306 1098 in-

139 1138 277 1224 stantia,
303 1146 448 1224 pereunt
481 1147 515 1204 et
537 1139 669 1204 nullum
702 1139 829 1204 habent
862 1139 1027 1222 valorem;.
1045 1140 1126 1205 dum
1142 1137 1166 1204 ¹e
1188 1140 1324 1223 contra

142 1253 239 1312 actus
262 1235 381 1310 canisae
404 1267 463 1312 seu
486 1244 698 1330 probationes
721 1244 758 1309 in
773 1229 1139 1330 processn'efformatae
1151 1245 1194 1310 ad
1208 1244 1305 1311 litem

147 1350 382 1436 definiendam,
405 1357 440 1415 et
461 1349 583 1414 iudicis
613 1349 800 1415 sententiae
822 1350 863 1414 de
887 1349 1008 1416 merito
1040 1373 1159 1434 causae
1192 1351 1305 1418 decer-

138 1467 266 1544 nentes,
300 1466 483 1545 supersunt
515 1458 666 1524 iudiciali
700 1458 884 1524 instantiae
916 1466 950 1525 et
973 1458 1044 1534 vim
1066 1460 1193 1525 habent
1214 1458 1306 1524 inter
1389 1463 1391 1468 ’
1490 1471 1497 1504 ⁸

143 1567 277 1632 easdem
300 1589 459 1652 personas
481 1566 518 1631 in
539 1566 656 1631 eadem
678 1589 779 1630 causa
802 1588 860 1630 seu
882 1565 1077 1650 quaestione
1099 1596 1114 1625 »
1145 1569 1204 1649 (2).

225 1673 288 1738 His
312 1672 514 1760 praemissis,
539 1672 576 1738 in
594 1695 749 1758 processu
773 1671 972 1764 (subiective
987 1677 1133 1758 sumpto)
1156 1672 1304 1758 quinque

134 1779 246 1846 stadia
270 1778 364 1863 (fasi)
388 1773 645 1845 consideramus:
657 1781 951 1866 praeparationem,
967 1781 1218 1862 inchoationem,
1234 1800 1304 1844 con-

138 1889 366 1970 tinuationem,
391 1888 713 1969 consummationem,
738 1887 979 1952 correctionem.

169 2036 172 2039 -
223 1994 279 2059 Ad
302 1993 593 2079 praeparationem
616 1992 790 2078 pertinent
812 1995 933 2059 oblatio
955 1995 1063 2059 libelli
1079 1999 1113 2058 et
1134 1994 1257 2060 citatio.

141 2156 145 2166 .
224 2101 280 2166 Ad
303 2099 552 2166 inchoationem
575 2102 777 2166 contestatio.

224 2207 279 2272 Ad
303 2205 601 2288 continuationem,
620 2208 844 2291 probationes.
907 2274 911 2282 ,

225 2313 281 2379 Ad
305 2311 637 2397 consummationem,
662 2314 825 2378 conclusio
847 2315 883 2379 in
906 2335 1009 2378 caasa
1030 2320 1066 2378 et
1087 2315 1258 2379 sententia.

221 2421 278 2484 Ad
312 2419 553 2486 correctionem
586 2420 770 2504 appellatio
806 2418 940 2506 aliaque
956 2468 959 2476 .
974 2415 1122 2486 remedia
1156 2419 1198 2485 ab
1229 2418 1303 2484 iure

135 2525 319 2612 proposita.

224 2632 312 2698 Cum
336 2639 451 2698 autem
486 2653 659 2718 processus
682 2653 752 2696 esse
788 2631 894 2716 possit
917 2631 1029 2698 civilis
1051 2639 1085 2698 et
1107 2631 1302 2718 criminalis,

135 2741 186 2807 ita
209 2740 251 2806 de
274 2739 419 2826 singulis
441 2737 625 2825 separatim
647 2737 796 2824 agemus.

361 3040 407 3124 A)
437 3043 494 3114 De
519 3059 715 3130 processu
740 3041 842 3114 civiti
868 3041 1079 3118 ordinario.

681 3256 755 3334 §L

621 3399 662 3446 De
682 3395 807 3448 Libello.

221 3575 295 3638 188.
320 3573 482 3653 Quamvis
507 3597 550 3638 ex
573 3571 670 3658 praxi
694 3571 789 3637 civili
804 3571 967 3639 hodierna
990 3573 1123 3640 libellus
1145 3574 1235 3642 idem
1257 3570 1302 3641 sit

130 3703 172 3748 ac
194 3679 321 3765 citatio,
346 3678 428 3764 quia
450 3677 488 3745 in
511 3679 625 3746 libello
645 3679 839 3746 continetur
860 3679 1027 3766 implicite
1048 3680 1193 3748 intentio
1215 3690 1302 3749 acto

133 3787 181 3858 ris
204 3795 238 3854 et
259 3789 459 3854 mandatum
485 3787 607 3854 iudicis
630 3811 697 3874 quo
719 3811 796 3854 reus
809 3787 944 3874 citatur,
970 3788 1229 3876 distinguuntur
1250 3799 1300 3857 ta-

131 3916 211 3960 men
232 3893 324 3960 inter
346 3917 392 3960 se:
416 3893 556 3960 libellus
578 3893 667 3960 enim
691 3893 829 3981 respicit
851 3917 957 3980 reum,
980 3902 1014 3962 et
1027 3894 1144 3962 citatio
1154 3903 1301 3964 actorem

131 4001 188 4067 vel
211 4008 449 4068 accusatorem.

140 4214 144 4220 ¹
203 4198 213 4268 ζ
217 4196 243 4264 1)
263 4197 321 4268 Op.
337 4196 388 4251 cit.
408 4195 427 4252 l.
447 4214 471 4250 c.
490 4214 519 4250 n.
537 4197 599 4253 387.

203 4301 241 4373 (2)
261 4303 468 4372 Reifsenstnol
486 4303 532 4358 De
551 4302 612 4358 iud.
631 4322 660 4358 n.
677 4306 729 4360 185
747 4322 831 4376 seqq.
