3198 4898
329 337 385 392 322

328 468 457 547 gnetur
479 460 659 525 admittere
683 459 781 524 illum
805 459 863 544 qui
888 458 931 524 ob
953 457 1091 542 aliquod
1125 455 1326 522 canonicum
1360 455 1490 541 impedi·
1548 425 1549 462 i

330 574 483 632 mentum
508 565 587 652 eligi
614 588 680 632 uon
703 573 825 651 potest.

420 673 610 741 Postulatio
631 672 699 739 alia
721 682 773 739 est
794 675 958 757 solemn-ia,
983 672 1051 738 alia
1073 674 1227 757 simplem.

419 778 585 846 Solemnis
607 779 735 845 dicitur
757 779 817 845 illa
840 779 894 844 cui
917 779 1077 846 convenit
1099 778 1251 844 definitio
1263 800 1366 862 super
1390 777 1488 856 allata

330 885 475 972 simplex
498 887 633 972 quando
654 886 785 971 petitur
807 894 942 952 tautum
966 885 1106 952 licentia
1128 893 1163 950 et
1187 907 1368 951 consensus
1405 906 1488 970 supe·

330 993 430 1058 rioris
453 992 615 1078 postulati
641 993 698 1078 qui
723 993 847 1058 assumi
871 1017 939 1060 non
962 975 1075 1080 posset
1098 993 1224 1077 absque
1247 1013 1409 1058 consensu
1426 1013 1488 1077 pro-

330 1099 398 1186 prii
411 1098 603 1184 superioris,
622 1107 661 1164 ut
674 1100 844 1185 contingit
855 1123 888 1166 v.
901 1123 952 1186 gr.
966 1099 1000 1164 in
1016 1098 1257 1166 Cardinalibus
1269 1097 1393 1166 Curiae
1415 1096 1439 1162 si
1456 1096 1488 1160 ad

330 1206 443 1272 sedem
466 1207 566 1290 episc.
583 1227 651 1272 non
663 1205 932 1273 suburbicariam
955 1207 1102 1292 eligendi
1117 1206 1186 1271 sint
1202 1206 1255 1271 vel
1271 1203 1308 1269 iu
1324 1203 1488 1289 Religiosis
1549 1261 1550 1292 ,

330 1313 359 1379 si
383 1313 492 1378 velint
514 1314 704 1398 promoveri
728 1315 771 1379 ad
796 1313 1040 1401 Episcopatum
1065 1321 1075 1399 (
1101 1319 1122 1396 ).

419 1421 598 1506 Requisita
620 1422 858 1507 postulationis
880 1430 970 1488 sunt:
994 1428 1028 1504 a)
1051 1422 1141 1488 iusta
1164 1443 1274 1506 causa,
1291 1419 1421 1486 scilicet
1435 1418 1488 1481 Ec·

330 1527 451 1593 clasiae
474 1528 655 1594 necessitas
678 1529 731 1594 vel
754 1529 887 1594 utilitas
910 1531 966 1612 (2);
992 1527 1024 1610 l)
1059 1537 1099 1594 ut
1136 1527 1419 1614 impedimentum
1452 1523 1487 1588 sit

330 1633 566 1720 dispensabile,
590 1634 613 1700 i.
637 1659 664 1700 e.
689 1645 728 1700 ut
751 1635 939 1722 dispensari
969 1657 1071 1722 super
1094 1659 1132 1702 eo
1149 1634 1256 1720 possit
1270 1643 1305 1699 et
1326 1632 1486 1713 soleat(3).

423 1741 495 1806 157.
520 1741 644 1807 Forma
667 1741 905 1826 postulationis
928 1741 1037 1807 tutior
1059 1749 1111 1807 est
1134 1764 1195 1827 per
1217 1739 1429 1820 scrutinium;
1458 1759 1487 1801 ac
1550 1825 1551 1834 ἵ

331 1856 371 1911 ut
393 1846 428 1910 in
452 1847 615 1914 electione
638 1847 826 1932 requiritur
848 1847 1026 1914 maioritas
1049 1856 1217 1914 votorum.
1550 1835 1551 1856 ³

421 1953 583 2018 Attamen
606 1953 634 2019 si
658 1955 842 2039 postulatio
865 1954 1038 2020 concurrit
1061 1978 1137 2020 cum
1161 1954 1335 2038 electione,
1375 1950 1486 2018 scilicet

330 2058 359 2124 si
382 2081 449 2123 una
472 2081 551 2144 pars
573 2059 716 2146 capituli
739 2061 847 2146 eligit,
872 2069 906 2125 et
929 2060 997 2126 alia
1029 2062 1189 2146 postulat,
1226 2061 1416 2148 postulatus
1446 2078 1485 2119 re·

330 2172 466 2252 portare
486 2167 589 2253 debet
611 2168 696 2233 duas
718 2168 838 2232 tertias
861 2175 976 2253 partes
1000 2167 1243 2254 suffragiorum
1271 2169 1332 2250 (4).

420 2273 575 2338 Effectus
598 2275 835 2359 postulationis
859 2282 948 2340 sunt:
973 2281 1008 2356 a)
1033 2282 1073 2339 ut
1096 2273 1289 2360 postulatio,
1307 2281 1389 2338 ante
1404 2293 1484 2356 supe·
1551 2253 1552 2314 l

329 2379 429 2446 rioris
452 2381 698 2467 admissionem,
724 2383 857 2448 nullum
894 2383 947 2448 ius
971 2382 1103 2448 tribuat
1140 2384 1320 2469 postulato,
1364 2382 1485 2463 ideoque

329 2475 460 2576 pdssint
483 2489 691 2572 postulantes
714 2489 848 2555 variare
870 2513 890 2554 a
914 2512 975 2554 sua
998 2489 1226 2574 postulatione
1249 2498 1283 2556 et
1310 2491 1415 2555 etiam
1445 2508 1483 2550 re-

327 2595 454 2678 cedere;
480 2597 509 2675 b)
533 2604 572 2660 ut
605 2594 658 2661 ius
681 2597 821 2680 plenum
844 2595 998 2661 conferat
1022 2603 1098 2681 post
1133 2596 1382 2680 admissionem,
1421 2614 1482 2658 cum

327 2701 486 2767 admissio
509 2700 580 2766 vim
603 2701 726 2766 habeat
749 2700 1014 2767 confirmationis
1045 2705 1103 2784 (ὃ).

329 2897 400 2951 dine
421 2897 469 2950 vel
490 2896 653 2967 privilegio
686 2897 715 2950 in
737 2897 840 2967 aliquo
860 2897 992 2967 collegio
1013 2897 1176 2952 electorum
1198 2896 1246 2951 ius
1266 2895 1402 2966 eligendi
1421 2891 1484 2948 obti-

330 2992 470 3040 nuerunt.
490 2984 552 3039 Ofr.
571 2984 663 3040 Nussr'
684 2985 703 3038 l.
722 3003 746 3040 c.
765 3003 783 3056 p
812 2987 858 3040 39.

400 3090 441 3159 (l)
461 3089 522 3144 (ΙΙΙ.
545 3093 700 3150 Passerini,
737 3089 782 3143 De
803 3091 1021 3161 postulatione,
1041 3109 1067 3147 v.
1089 3093 1112 3156 1,
1131 3093 1157 3152 2,
1176 3091 1203 3156 2,
1223 3090 1249 3158 4,
1263 3093 1288 3158 t,
1307 3107 1338 3147 n.
1355 3091 1390 3143 64
1408 3101 1485 3157 seqq.;

327 3182 423 3241 Sauli.
443 3197 491 3250 op.
510 3179 564 3234 cit.
581 3179 603 3245 Ι,
624 3180 673 3232 tit.
694 3180 726 3244 V,
748 3183 812 3235 rr.3
832 3191 862 3234 et
882 3198 965 3252 seqq.
991 3180 1164 3236 Postulatio
1184 3196 1255 3234 vero
1274 3179 1419 3234 solemnis
1436 3191 1483 3229 nou

327 3269 424 3324 intrat
444 3267 473 3320 in
490 3267 694 3321 electionibus
714 3269 903 3339 superiorum
918 3269 1117 3340 regularium.
1131 3267 1194 3324 co.
1207 3271 1337 3336 eiraldi,
1358 3267 1394 3322 ad
1407 3262 1484 3334 capi

327 3355 419 3411 Cone.
439 3354 520 3410 Trid.
540 3372 615 3410 sess.
635 3355 740 3422 XXV,
753 3357 789 3410 de
810 3355 930 3411 reform.

399 3461 440 3533 (2)
460 3462 710 3532 Solemniacum.
730 3463 767 3516 de
788 3472 864 3534 post.
885 3483 914 3519 n.
932 3467 957 3518 b.

399 3568 439 3639 (3)
459 3566 525 3622 Non
547 3575 674 3638 possunt
694 3568 866 3638 dispensari
889 3569 1035 3636 infantes,
1055 3569 1206 3638 mulieres,
1227 3576 1375 3637 amentes,
1388 3561 1479 3622 furiosi

326 3665 396 3726 etc.;
416 3675 475 3711 nou
496 3657 596 3711 solent
617 3656 741 3727 bigami,
762 3657 860 3728 spurii
880 3665 938 3714 etc.

399 3745 455 3812 Qui
476 3743 610 3798 scienter
637 3745 793 3814 postulant
820 3745 966 3816 indignos
987 3747 1034 3808 val
1055 3745 1301 3817 impostulabiles
1321 3763 1359 3800 ex
1378 3741 1481 3798 defectu

326 3831 471 3903 corporis,
492 3850 527 3885 ea
547 3833 612 3886 vice
633 3833 697 3887 iure
720 3833 855 3904 eligendi
876 3842 907 3888 et
927 3835 1102 3905 postulandi
1121 3834 1290 3906 privantur.
1310 3834 1372 3890 (ΙΙΙ.
1391 3837 1480 3889 Wernt

325 3921 371 3992 11,
391 3939 420 3976 n.
437 3923 499 3988 392,
517 3921 582 3976 393.

398 4028 438 4095 (4)
457 4030 590 4094 Arcano,
611 4046 638 4099 p.
656 4029 719 4094 289;
738 4031 902 4100 Zullieper,
922 4030 951 4085 h.
971 4037 991 4085 t.
1011 4029 1030 4103 5
1051 4031 1114 4086 261.

337 4122 338 4128 ’
397 4121 438 4192 (b)
458 4123 640 4194 Schmalzpr.
660 4123 679 4177 Ι.
700 4141 724 4179 c.
745 4143 773 4180 u.
792 4127 817 4193 3;
838 4127 1016 4197 Sanquineti
1034 4145 1082 4200 op.
1100 4127 1151 4182 cit.
1171 4125 1220 4180 tit.
1238 4132 1281 4180 IX
1303 4125 1332 4194 u}
1351 4125 1392 4180 11.
