3220 4898
337 264 390 320 256

426 407 469 472 In
491 405 697 488 dimissione,
730 403 889 489 quamvis
912 412 951 468 ut
974 403 1222 488 adnotavimus
1246 425 1355 488 neque
1378 424 1509 488 proces-

339 537 405 599 sus,
428 535 538 600 neque
560 509 678 578 iudicii
715 511 825 580 forma
849 511 1045 596 requiratur
1079 513 1137 578 sed
1160 512 1230 578 sole
1252 510 1333 576 iacti
1358 509 1511 575 veritatis

337 621 512 708 inspectio,
548 628 663 686 temen
698 619 888 709 superiores
922 619 1104 705 procedere
1126 618 1251 684 debent
1281 639 1417 683 summa
1440 619 1510 682 cha-

338 727 452 810 ritate,
475 725 658 812 prudentia
693 734 728 791 et
750 749 792 792 ex
822 725 923 791 iustis
945 732 980 790 et
1002 724 1262 791 rationabilibus
1285 726 1410 810 causis,
1435 749 1510 812 qua·

339 853 483 918 cumque
506 833 654 898 humana
677 831 856 898 affectione
879 838 1018 916 remota,
1042 853 1138 896 secus
1168 853 1284 898 eorum
1307 831 1511 898 conscientia

339 939 493 1026 graviter
515 945 655 1005 onerata
678 945 852 1004 remaneat
879 941 938 1022 (1).

429 1046 546 1126 Quoad
569 1053 685 1112 autem
718 1039 933 1111 dimissorum
968 1053 1029 1112 aut
1065 1043 1253 1130 ejectorum
1286 1045 1511 1131 obligationes

339 1151 531 1218 dicendum:
1046 1225 1048 1231 .

429 1259 569 1326 Dimissi
593 1260 774 1325 solvuntur
812 1259 965 1344 qualibet
999 1259 1205 1345 obligatione
1242 1267 1414 1344 votorum,
1451 1281 1510 1324 non

339 1374 480 1452 excepto
503 1375 582 1432 voto
606 1365 784 1450 castitatis,
809 1333 1080 1432 nam‘voverunt
1102 1365 1294 1432 castitatem
1317 1365 1354 1432 in
1380 1366 1510 1452 religio·

338 1497 381 1540 ne
405 1474 616 1539 servandam.
641 1473 723 1538 Ideo
747 1471 898 1538 revocati
922 1495 989 1539 non
1013 1479 1173 1538 tenentur
1196 1471 1317 1538 redire.
1353 1472 1510 1539 Ceterum

339 1581 428 1646 siin
451 1581 554 1646 sacris
577 1579 752 1647 constituti
793 1580 872 1665 sint,
897 1580 1049 1666 suspensi
1088 1581 1131 1646 ab
1157 1579 1319 1646 exercitio
1356 1581 1511 1647 ordinum

340 1695 479 1754 manent
512 1689 617 1754 donec
647 1686 844 1754 invenerint
880 1687 1087 1774 Episcopum
1123 1689 1324 1754 benevolum
1365 1688 1429 1774 qui
1463 1709 1512 1754 eos

339 1794 493 1880 recipiat.

429 1901 543 1987 Ejecti
582 1901 720 1987 regulis,
759 1924 827 1968 non
851 1901 940 1968 votis
978 1903 1168 1985 solvuntur;
1193 1909 1278 1992 voto..
1302 1901 1511 1968 obedientiae

339 2016 479 2074 eatenus
503 2009 612 2073 solum
634 2029 702 2074 non
727 2009 910 2075 solvuntur
947 2015 1115 2094 quatenus
1137 2007 1166 2074 si
1193 2009 1344 2075 revocati
1384 2009 1511 2075 fuerint

339 2122 500 2182 tenentur
533 2114 653 2180 redire.
696 2113 866 2200 Episcopo
899 2114 1039 2180 interim
1076 2114 1315 2181 subiiciuntur.
1355 2115 1416 2182 Ex
1440 2121 1511 2181 voto

338 2247 406 2291 non
436 2223 660 2309 probibentur
688 2221 739 2288 uti
764 2223 864 2288 rebus
888 2229 922 2288 et
945 2222 1219 2306 admninistrare;
1254 2223 1311 2288 sed
1346 2246 1418 2288 non
1453 2221 1508 2288 sibi

338 2330 530 2416 acquirunt.
555 2328 619 2394 Oui
644 2329 823 2414 acquirant
845 2351 913 2395 non
951 2329 1034 2395 satis
1057 2334 1199 2396 constat.
1224 2328 1306 2394 'Alii
1330 2329 1511 2415 opinantur

339 2461 394 2504 eos
417 2435 592 2520 acquirere
615 2431 829 2521 monasterio,
854 2436 914 2500 alii
944 2437 1067 2522 Papae,
1091 2436 1147 2500 vel
1180 2435 1208 2500 si
1233 2435 1437 2503 beneficium
1460 2438 1509 2502 ha·

339 2545 450 2626 beant,
475 2565 555 2608 suae
577 2543 746 2608 eeclesiae.
784 2541 957 2627 Quidquid
981 2549 1042 2626 est,
1067 2542 1155 2607 bona
1176 2564 1302 2626 eorum,
1326 2541 1370 2608 iis
1393 2543 1509 2608 defun·

338 2650 411 2734 ctis,
450 2654 524 2732 (nec
556 2648 646 2714 enim
676 2649 872 2716 testamenti
896 2648 1081 2716 factionem
1104 2649 1244 2731 habent)
1267 2649 1312 2714 ad
1336 2649 1509 2715 Cameram

338 2756 570 2842 Apostolieam
592 2757 767 2842 pertinent
793 2761 847 2840 (2).

428 2863 465 2929 Si
477 2863 722 2930 absolutionem
735 2871 769 2929 et
781 2863 1089 2931 rehabilitationem
1102 2869 1259 2950 expectat
1273 2861 1405 2949 ejectus
1423 2871 1509 2928 tunc:

430 2973 463 3050 1)
486 2971 542 3036 vel
564 2970 688 3036 iterum
716 2970 884 3056 efflagitat
916 2971 1078 3036 Ordinem
1116 2969 1250 3054 ingredi
1285 2977 1320 3034 et
1358 2978 1443 3036 tunc
1479 2969 1506 3033 S.

339 3076 566 3164 Congregatio
589 3075 618 3143 si
641 3099 716 3164 spes
741 3077 907 3164 affulgeat
930 3075 1186 3162 emendationis,
1209 3098 1252 3142 ex
1273 3075 1401 3144 litteris
1418 3073 1509 3144 Ordi-

338 3295 399 3347 raii
418 3307 486 3346 cum
511 3295 574 3346 suis
591 3294 800 3348 Assisieniitus
830 3294 1026 3350 Generaliter
1048 3309 1116 3348 cum
1137 3296 1334 3362 descriptione
1352 3297 1506 3348 criminum

338 3385 364 3436 ei
383 3383 703 3451 aliqualiprobatione,
723 3385 749 3436 ei
770 3383 845 3437 daia
865 3385 1047 3454 delinquenti
1066 3381 1242 3450 defensione,
1255 3384 1505 3450 adcaepaisionem

338 3473 488 3524 cnuncicii
506 3472 644 3542 Reiipiosi
674 3474 761 3526 iuncta
784 3487 888 3539 preces
904 3488 963 3542 pro
982 3488 1036 3526 suc
1055 3473 1180 3527 arbitrio
1193 3475 1221 3526 ei
1238 3474 1418 3526 conscientia
1432 3472 1503 3525 deve·

337 3562 402 3632 nire
417 3563 513 3627 possit
540 3576 576 3614 ac
594 3563 701 3616 valeat.
733 3561 900 3616 Contrariis
931 3563 1166 3634 quibuscumque
1192 3561 1456 3616 nonobstantibus
1484 3575 1504 3607 s.

268 3687 270 3692 ψ
339 3646 400 3702 Ofr.
422 3651 585 3720 Nervepna,
606 3665 652 3718 op.
672 3647 723 3702 eit.
733 3666 802 3719 pag.
817 3650 877 3717 199;
901 3651 1098 3718 Vermeersct,
1118 3665 1164 3718 op.
1178 3647 1229 3704 cit.
1249 3647 1307 3703 vol.
1321 3646 1364 3718 11,
1378 3648 1505 3708 Docum.;

338 3739 426 3808 Lepa,
447 3736 597 3808 opsiti.
617 3737 658 3804 II,
679 3737 739 3793 vol.
761 3738 813 3805 IV,
835 3756 863 3793 n.
882 3739 944 3794 510.

408 3846 446 3913 (1)
468 3842 530 3898 efr.
549 3845 671 3899 Deerat.
693 3846 727 3899 12
752 3845 817 3901 iun.
837 3847 916 3916 1858,
937 3863 965 3902 n.
984 3848 1010 3900 ὅ.

409 3951 451 4022 (9)
470 3949 531 4008 cfr.
552 3954 657 4020 Bouim,
677 3959 751 4006 torn.
782 3952 823 4018 ΙΙ,
844 3971 872 4024 p.
891 3953 954 4020 489;
974 3955 1070 4020 Santi,
1091 3951 1150 4019 ΙΙΙ,
1169 3949 1218 4006 tit.
1236 3949 1356 4019 XXXI,
1379 3970 1408 4008 n.
1425 3951 1457 4004 41
1475 3950 1500 4000 et

337 4057 431 4112 seqq.;
449 4043 525 4108 Piai,
545 4041 564 4096 l.
586 4059 610 4097 c.
631 4060 657 4112 p
677 4043 728 4096 174
749 4049 779 4098 et
799 4059 891 4113 seqq.;
923 4041 1033 4108 Werna
1053 4041 1111 4109 ΙΙΙ,
1133 4059 1161 4096 n.
1176 4040 1230 4095 674
1250 4047 1280 4096 et
1299 4057 1397 4112 seqq,
1413 4041 1446 4094 A.
1463 4035 1498 4090 M·

337 4132 509 4202 Ferrarip.
528 4133 582 4188 324
601 4139 630 4188 et
650 4150 742 4203 seqq.;
765 4135 927 4203 Nervepna,
947 4149 972 4201 p.
995 4131 1056 4186 189.
