3200 4890
317 323 374 381 382
450 351 452 362 .

401 449 538 514 Ratione
560 449 646 513 modi
668 447 724 514 vel
747 453 827 513 sunt
849 469 870 512 o
892 448 972 532 iure,
997 447 1051 512 vel
1074 449 1115 514 ab
1137 447 1269 513 homine.

410 553 498 620 Sunt
518 575 540 618 o
562 555 633 620 iure
655 575 714 620 seu
750 575 811 640 per
849 551 985 618 modum
1008 551 1095 638 legis
1119 554 1254 640 quando
1276 553 1443 627 omnibus
1465 559 1496 618 et

318 669 484 746 perpetuo
507 666 645 726 vetatur
667 659 807 746 aliquid3
832 663 872 728 ab
894 661 1019 730 homine
1042 659 1071 726 si
1094 680 1155 746 pro
1178 659 1293 745 aliquo
1317 683 1406 725 casu
1430 682 1497 744 par·

318 765 457 834 tieulari
478 766 513 834 in
535 766 610 854 lege
633 767 765 854 poenali
793 791 860 836 non
884 768 1123 856 eomprehenso
1146 766 1308 832 feruntur
1332 770 1399 851 (1).

408 874 484 938 217.
502 873 617 953 Quoad
633 881 747 941 autem
763 897 949 962 poenarum
964 873 1151 942 initiatione
1172 874 1257 940 haee
1280 875 1494 940 adnotamus:

407 981 436 1046 I.
460 980 636 1048 Servanda
658 988 709 1048 eet
731 981 822 1048 inter
836 981 961 1050 deliota
976 989 1011 1048 et
1035 1003 1159 1068 poenas
1175 980 1291 1054 debita
1307 981 1494 1066 proportio.

317 1085 466 1171 Ideoque
500 1109 627 1174 poenae
661 1087 791 1174 imponi
813 1096 954 1176 possunt
988 1087 1049 1154 soli
1073 1086 1203 1155 homini
1226 1085 1495 1172 delinquenti,a

316 1193 429 1260 indiae
452 1193 656 1280 competenti
684 1193 782 1260 iuxta
804 1195 921 1264 delioti
940 1194 1169 1282 quantitatem
1196 1193 1448 1260 dimetiendam
1462 1191 1493 1256 in

316 1299 449 1367 ratione
480 1301 663 1387 composita
686 1301 755 1368 doli
778 1301 1006 1387 delinquentis
1026 1309 1062 1368 et
1084 1301 1200 1368 damni
1223 1300 1405 1366 societatis
1428 1301 1479 1382 (2).

407 1407 455 1473 Π.
480 1407 524 1473 In
547 1407 801 1493 quaestionibus
836 1407 1070 1476 criminalibus
1094 1409 1157 1476 hoo
1181 1407 1398 1494 principium
1420 1413 1492 1472 ante

315 1515 430 1584 omnia
451 1515 645 1582 tenendum:
668 1519 759 1584 nulla
779 1539 882 1604 poena
903 1519 971 1583 sine
993 1520 1067 1604 ispa
1084 1538 1188 1602 quare
1212 1515 1240 1582 si
1268 1516 1359 1601 legis
1384 1521 1490 1581 textus

317 1644 458 1710 poenam
485 1643 552 1688 non
574 1623 743 1708 deoernat,
783 1624 837 1693 vel
872 1624 910 1689 in
944 1626 1039 1690 dubio
1072 1626 1165 1706 iuria,
1201 1646 1243 1688 ex
1266 1619 1490 1705 verbisvlegis

315 1728 496 1814 ambiguis,
519 1751 662 1814 poenam
686 1729 814 1796 inferre
837 1730 942 1796 iudioi
965 1753 1033 1798 non
1056 1729 1109 1796 fas
1133 1737 1184 1796 est
1207 1733 1265 1814 (3).

406 1835 449 1900 ln
472 1837 570 1902 dubio
587 1837 681 1922 faeti,
710 1858 830 1923 nempe
853 1837 880 1902 si
905 1837 1083 1904 dubitetur
1105 1859 1148 1904 an
1164 1837 1294 1902 orimen
1317 1841 1489 1922 patratum

316 1940 362 2006 sit
384 1949 419 2008 et
443 1965 486 2008 an
509 1941 617 2008 fuerit
640 1950 919 2030 eonsummatum,
936 1966 1044 2030 poena
1061 1943 1222 2013 edioenda
1246 1965 1315 2008 non
1341 1949 1486 2024 est3nam

317 2069 425 2134 poena
448 2072 490 2114 ex
512 2048 616 2114 dubio
638 2050 761 2116 delioto
781 2073 849 2117 non
871 2049 982 2116 oritur
1005 2053 1063 2135 (4).

405 2155 472 2222 ΙΙΙ.
497 2156 629 2222 Poenae
654 2155 734 2224 lieet
757 2157 794 2223 in
817 2158 943 2223 bonum
966 2179 1144 2225 eommune
1166 2157 1336 2242 ferantur,
1363 2176 1484 2240 semper

315 2268 357 2327 ut
379 2261 515 2329 evidens
539 2271 598 2348 est,
625 2272 705 2330 sunt
731 2265 842 2350 quoad
864 2263 1016 2350 singulos
1041 2264 1183 2332 odiosae
1207 2263 1369 2350 Ideoque,
1397 2262 1483 2327 iuxta

316 2368 525 2455 principium
561 2371 650 2455 quod
684 2371 830 2438 solemne
866 2369 977 2436 estin
1010 2371 1085 2438 iure
1113 2369 1245 2456 poenali
1270 2371 1390 2436 stricte
1413 2373 1483 2434 sunt

313 2475 590 2564 interpretandae
614 2481 673 2560 (ὃ).

387 2671 426 2740 (1)
447 2670 633 2728 canonistas
653 2673 767 2744 passim
787 2682 928 2728 asserunt
951 2691 1065 2745 poenas
1084 2676 1123 2731 ab
1143 2675 1258 2731 homine
1277 2671 1355 2726 ferri
1388 2671 1424 2725 ad
1443 2670 1476 2722 iu

314 2769 379 2814 star
400 2762 563 2836 praecepti;
590 2769 621 2815 et
639 2762 710 2816 hino
731 2763 843 2816 resolvi
865 2764 912 2818 vel
932 2763 1079 2833 suspendi
1099 2763 1235 2817 resoluto
1266 2761 1315 2816 vel
1341 2775 1477 2831 suspenso

315 2850 381 2904 iure
401 2850 539 2916 ferentis,
573 2851 633 2906 nisi
668 2851 729 2904 iam
758 2851 911 2906 fuerint
904 2849 1475 2919 1naursae.0fr.Suarea,delegibus,

316 2937 368 2992 lib.
389 2939 413 3004 Ι,
433 2956 496 3010 esp.
517 2941 565 3007 10;
593 2941 788 3007 D'Auuibole,
808 2940 832 3007 1,
852 2941 915 2996 301.
933 2939 1020 2994 Haeo
1040 2939 1180 2995 doctrina
1207 2939 1349 3013 quamvis
1370 2938 1475 2992 dicatur

313 3028 562 3082 communissima
582 3029 708 3084 reicitur
728 3047 745 3082 a
764 3029 802 3085 ol
824 3032 912 3100 Lapa,
933 3029 953 3083 l.
974 3047 999 3084 o.
1018 3047 1045 3082 o.
1063 3029 1099 3084 64
1119 3045 1202 3100 seqq.

387 3132 426 3202 (⁴2)
446 3132 508 3190 cfr.
527 3136 568 3189 M.
588 3136 738 3202 De·,Lucu
761 3135 779 3190 l.
799 3153 824 3190 e.
843 3134 893 3190 tit.
911 3135 950 3192 X.

384 3243 425 3314 (3)
447 3247 624 3312 Thesaurus,
645 3262 692 3315 op.
711 3245 761 3298 eit.
782 3245 815 3300 P.
835 3245 858 3312 I,
880 3262 904 3300 e.
926 3247 967 3301 16.

385 3349 425 3420 (4)
446 3351 565 3416 Saurea,
585 3351 630 3404 De
650 3368 731 3406 oens.
746 3351 765 3406 l.
775 3357 812 3419 X,
827 3357 900 3406 sect.
919 3353 943 3420 6,
965 3371 993 3406 n.
1005 3353 1031 3420 5;
1047 3357 1078 3406 et
1092 3351 1141 3409 lex
1152 3353 1169 3406 b
1182 3349 1216 3408 ff.
1224 3351 1261 3405 de
1276 3351 1372 3406 Poen.
1385 3351 1472 3404 monet

318 3459 334 3491 e
354 3443 449 3494 sotius
469 3455 528 3494 esee
547 3443 731 3508 impunitum
745 3445 874 3514 relinqui
898 3443 1020 3510 facinus
1038 3444 1168 3497 uocantis
1185 3458 1278 3512 quom
1303 3442 1468 3498 innocentem

312 3531 508 3585 condemnari
526 3547 542 3580 a
563 3528 624 3584 on.
648 3533 736 3601 Lapa,
757 3532 776 3586 l.
796 3549 819 3585 e.
839 3550 867 3588 n.
887 3533 932 3587 75.
1022 3549 1025 3553 ·

385 3635 425 3706 (5)
445 3635 583 3706 Regulus
603 3654 777 3692 eommunee
796 3645 877 3694 eunt:
897 3657 934 3694 ex
954 3639 1014 3709 leg.
1034 3641 1086 3694 198
1115 3638 1147 3695 ff.
1168 3640 1212 3694 De
1232 3657 1296 3709 reg.
1326 3639 1383 3694 iur.
1407 3634 1467 3688 «Iu

309 3728 488 3795 poenalibus
513 3730 612 3782 causis
631 3729 785 3798 bautonius
802 3732 1065 3798 interpretandum
1093 3735 1134 3789 eet
1153 3747 1179 3798 »ς
1198 3735 1228 3783 et
1248 3745 1285 3782 ex
1304 3729 1340 3783 49
1359 3743 1416 3796 reg.
1433 3723 1467 3776 iu·

313 3813 356 3868 ris
376 3814 407 3866 in
427 3815 465 3868 6⁰:
489 3837 507 3864 .‹
528 3817 566 3870 Ia
594 3820 699 3885 poeuis
730 3821 784 3872 eet
802 3820 954 3890 beuipuior
984 3821 1191 3888 interpretatio
1214 3817 1358 3886 faciendo
1378 3839 1400 3869 κ
1417 3809 1466 3866 Off·

314 3905 401 3974 Lapa,
423 3902 442 3958 l.
461 3921 486 3958 o.
506 3907 549 3972 aa
569 3907 743 3974 nemeaeus,
763 3905 821 3974 III,
842 3925 869 3977 p.
888 3908 933 3963 47.
