3266 4896
1337 305 1390 361 103

299 436 410 514 Quare
448 433 630 499 dicendum
654 433 743 517 quod
768 431 915 517 vestigia
939 431 1086 518 triplicis
1109 431 1164 496 vel
1188 429 1385 516 quadrupli-

206 541 255 606 cis
278 541 403 628 speciei·
424 542 615 626 legatorum
628 543 685 624 (1),
703 539 827 626 quibus
843 539 1063 624 sequentibus
1079 538 1221 604 saeculis
1244 537 1277 603 S.
1295 538 1383 602 Pon-

208 647 317 714 tifices
340 648 391 715 usi
416 655 506 732 sunt,
529 647 599 713 iam
622 648 774 733 antiquis
798 647 1008 733 temporibus
1032 645 1260 732 reperiuntur.

296 755 398 820 Patet
420 777 502 839 ergo
535 754 588 818 ius
623 755 665 819 R.
691 753 866 821 Pontifiois
889 755 1019 839 legatos
1042 751 1200 818 mittendi
1225 752 1263 816 in
1285 749 1383 816 dissi-

207 869 260 927 tas
282 861 436 946 regiones
457 860 627 926 stabiliter
650 870 684 926 et
700 861 969 946 independenter
991 859 1026 924 vi
1047 859 1215 945 primatus
1227 857 1381 924 iurisdic-

153 984 155 987 ·
207 967 311 1033 tionis
333 967 524 1054 spiritualis
547 966 690 1032 insitum
714 990 795 1033 esse.

298 1077 370 1140 114.
396 1076 516 1158 itaque
551 1073 655 1140 etiam
687 1073 810 1139 nostris
833 1073 1043 1159 temporibus
1066 1075 1128 1139 hoo
1152 1073 1206 1138 ius
1227 1069 1384 1138 subsistit

206 1188 242 1246 et
256 1180 452 1266 agnoscitur
475 1203 495 1246 a
519 1180 679 1246 civilibus
703 1180 930 1266 potestatibus
955 1203 1042 1265 quae
1067 1201 1201 1264 semper
1226 1177 1385 1244 maximis

206 1287 390 1352 honoribus
416 1295 451 1353 et
486 1310 563 1354 oum
598 1287 854 1372 praecedentiae
890 1287 1130 1374 praerogativa
1168 1290 1213 1369 (2)
1236 1284 1384 1352 Nuntios

207 1393 419 1478 Apostolieos
454 1393 629 1480 excipiunt
666 1396 722 1478 (3),
759 1401 793 1458 et
817 1394 969 1480 proprios
998 1393 1128 1478 legatos
1152 1400 1187 1456 et
1210 1391 1383 1456 ministros

206 1499 524 1587 plenipotentiarios
547 1501 590 1565 ed
615 1501 648 1566 S.
675 1501 797 1566 Sedem
822 1500 966 1566 mittunt
983 1503 1042 1585 (4).
1071 1501 1187 1580 Quoad
1213 1522 1291 1564 vero
1315 1497 1382 1562 dif-

206 1694 267 1750 sibi
286 1697 487 1767 Apostolatus
517 1714 640 1752 munere
661 1695 816 1768 perfungi,
849 1697 1048 1768 nolentesque
1069 1697 1201 1767 amplius
1223 1695 1382 1765 indigenis

207 1785 262 1852 uti,
281 1785 393 1858 quibus
412 1805 485 1842 suas
504 1795 538 1842 ut
558 1795 648 1842 antea
668 1787 751 1841 vices
772 1787 997 1841 committerent
1026 1804 1060 1841 ae
1092 1787 1320 1852 demandarent,
1350 1785 1381 1840 id

207 1875 370 1946 coeperunt
402 1875 533 1943 consilii,
554 1895 572 1930 a
591 1875 714 1931 saeculo
747 1874 804 1929 XV
836 1875 873 1930 ad
894 1877 972 1929 hauc
995 1885 1130 1929 nostram
1149 1882 1291 1940 aetatem,
1310 1883 1345 1929 ut
1364 1892 1382 1928 a

179 2119 181 2125 Ι
210 2053 335 2120 taniam,
355 2061 386 2108 et
406 2055 435 2109 in
469 2055 532 2108 alia
551 2055 643 2109 etiam
672 2072 776 2124 regna,
797 2053 931 2108 advenas
951 2055 1083 2122 Nuntios
1115 2053 1283 2120 mitterent,
1303 2052 1380 2108 nulli

209 2141 286 2212 parti
307 2143 454 2212 addictos,
487 2143 698 2199 ecelesiastica
730 2143 883 2214 dignitate
911 2152 1045 2211 ornatos,
1064 2141 1256 2214 principibus
1276 2137 1385 2221 caros}
1466 2143 1467 2146 ’

208 2238 299 2302 utque
320 2232 399 2304 apud
420 2233 588 2288 catholicas
620 2233 707 2286 aulas
738 2241 768 2286 et
794 2233 825 2286 in
845 2232 976 2286 urbibus
995 2232 1189 2304 principibus
1208 2230 1383 2286 ordinarias

208 2320 414 2378 Nuntiaturas
434 2321 632 2377 instituerent
653 2341 677 2378 s.
696 2321 750 2393 Op.
770 2323 859 2377 cito.
881 2321 966 2387 VIII,
987 2328 1062 2378 sset.
1083 2321 1133 2388 VI,
1155 2339 1183 2376 n.
1204 2321 1263 2376 132.

278 2428 320 2498 (1)
339 2427 416 2484 Vide
437 2429 469 2483 in
493 2429 557 2483 iure
579 2430 706 2500 privato.

280 2535 320 2605 (2)
341 2535 403 2591 cfr.
423 2537 535 2608 Regni.
554 2537 691 2592 Viennae
712 2555 760 2592 an.
787 2539 864 2604 1815,
897 2555 955 2608 quo
990 2543 1138 2590 statutum
1171 2545 1217 2590 est
1249 2535 1381 2590 Nuntios

207 2625 403 2696 Apostolieos
423 2625 552 2698 primum
586 2626 684 2680 locum
717 2625 798 2680 inter
830 2643 934 2680 omnes
955 2627 1074 2696 legatos
1089 2625 1226 2680 civilium
1241 2624 1381 2679 Potesta-

206 2723 269 2768 turn
286 2713 433 2784 obtinere.
454 2714 516 2770 Ofr.
537 2717 666 2784 (dicebis,
687 2735 732 2786 op.
753 2716 803 2771 cit.
824 2735 851 2787 p.
870 2716 922 2769 447
943 2723 974 2770 et
1001 2732 1083 2786 seqq.

280 2823 321 2893 (3)
340 2821 451 2892 Legati
472 2822 500 2878 S.
521 2821 682 2876 Pontificis
703 2824 782 2892 apud
802 2823 966 2894 principes,
988 2830 1021 2876 ut
1041 2823 1230 2876 demonstrat
1250 2822 1286 2878 cl.
1307 2824 1381 2890 Pras

205 2909 397 2967 dier-Fode're'
426 2933 442 2963 a
463 2911 559 2966 n'out
578 2929 632 2982 pas
651 2913 739 2968 cesse
771 2901 799 2966 d'
814 2912 899 2966 avoir
920 2914 948 2966 le
968 2911 1122 2966 caractere
1143 2911 1170 2965 d’
1184 2911 1316 2982 envoybs
1337 2911 1381 2964 di·

206 3001 408 3074 plomatiques
429 3010 459 3056 et
498 3003 562 3056 leur
582 3001 730 3057 situation
764 2989 830 3059 doit
862 3005 925 3057 etro
956 3003 1033 3056 celle
1065 3001 1118 3055 des
1146 3001 1303 3057 ministres
1329 3018 1381 3072 pu·

208 3089 326 3162 bliques
358 3091 491 3163 envoyes
523 3109 576 3162 par
602 3091 638 3145 de
673 3091 852 3146 souverains
879 3095 1044 3162 temporale
1076 3091 1167 3146 ades
1200 3089 1381 3146 souverains

207 3182 371 3251 temporale
391 3201 416 3236 ».
436 3181 533 3236 Cours
554 3182 590 3235 de
611 3181 691 3236 droit
711 3181 945 3254 diplomatique,
965 3182 1048 3239 Tom.
1070 3185 1091 3251 l,
1114 3203 1140 3255 p.
1161 3184 1219 3250 195,
1243 3182 1300 3236 197.

196 3294 199 3299 ’
277 3288 318 3358 (4)
337 3309 352 3339 a
374 3289 478 3344 Auche
499 3291 708 3357 attualmente,
729 3289 823 3345 refert
843 3291 880 3346 01,
900 3293 1029 3357 (diabolo,
1052 3292 1080 3344 vi
1096 3291 1135 3344 ha
1155 3309 1194 3344 un
1217 3289 1314 3360 Corpo
1335 3288 1379 3341 di·

205 3379 367 3448 plomatico
399 3379 586 3433 accreditato
606 3397 710 3450 presso
743 3381 764 3434 il
786 3381 950 3446 Vaticano,
979 3382 1220 3436 assolutamente
1251 3379 1380 3433 distinto

206 3469 244 3522 da
263 3469 364 3541 quello
379 3470 433 3526 che
454 3471 470 3526 e
490 3471 676 3526 accreditato
696 3489 801 3542 presso
814 3473 835 3525 il
850 3471 1021 3540 Quirinale.
1040 3471 1155 3536 Queato
1175 3488 1264 3541 corpo
1285 3469 1380 3539 diplo-

205 3560 317 3614 matico
348 3559 363 3614 e
394 3574 548 3631 composto
581 3561 665 3632 degli
698 3562 923 3616 Ambasciatori
963 3559 1314 3630 d’Austria·Uogheria.
1348 3557 1379 3612 di

205 3647 347 3716 Francia,
367 3650 397 3704 di
428 3650 603 3720 Portogallo
623 3669 639 3704 e
659 3651 690 3705 di
710 3651 842 3721 Spngna,
862 3651 911 3706 dai
933 3651 1068 3706 Ministri
1103 3647 1378 3720 Plenipotenziarii

204 3737 463 3808 dell'Argentina‚
484 3739 514 3794 di
537 3739 675 3806 Baviem,
706 3740 754 3794 del
777 3740 895 3810 Belgio,
915 3741 996 3794 della
1027 3739 1159 3806 Bolivia,
1180 3739 1228 3792 del
1249 3737 1385 3804 3000110Ἰ

205 3827 254 3881 del
275 3827 369 3897 chill,
400 3828 431 3882 di
453 3828 619 3896 Oolombia,
642 3829 690 3883 del
714 3829 890 3900 Principato
922 3829 951 3884 di
974 3829 1109 3896 Menace,
1144 3829 1175 3882 di
1195 3828 1379 3898 Nicaragua,

204 3916 253 3970 dcl
273 3917 363 3984 Peru,
383 3917 465 3972 della
485 3919 620 3985 Prussia,
641 3919 671 3972 di
692 3919 751 3974 San
773 3919 926 3990 Domingo
949 3937 965 3973 e
985 3919 1033 3972 del
1049 3918 1191 3974 Ministro
1210 3917 1379 3973 Residente

205 4004 234 4059 di
255 4005 379 4061 Bassia.
409 4007 476 4062 Non
496 4007 597 4061 hanno
630 4009 831 4063 attualmente
864 4009 998 4062 Ministri
1032 4009 1210 4063 accreditati
1232 4027 1336 4079 presso
1357 4008 1379 4062 il

205 4094 354 4149 Vaticano
366 4095 396 4149 le
410 4096 610 4166 repubbliche
625 4097 655 4151 di
671 4098 838 4162 centurion,
860 4099 1095 4170 dall'Equatore‚
1116 4097 1244 4164 d'Haiti,
1264 4099 1380 4154 d’Hon·

203 4185 295 4238 duras
315 4185 351 4238 ed
372 4185 394 4238 il
416 4201 550 4256 governo
570 4186 730 4242 d’Olanda
750 4209 762 4237 »
800 4206 846 4260 op.
865 4189 916 4242 cit.
937 4207 1005 4259 pag.
1023 4189 1087 4242 342.

275 4271 311 4327 In
332 4267 493 4329 ltalia'lex
514 4276 605 4344 vulgo
625 4278 709 4332 Delta
727 4281 911 4349 quarentiyia
929 4277 1043 4332 habet:
