<?xml version="1.0" encoding="UTF-8"?>
<!DOCTYPE html PUBLIC "-//W3C//DTD XHTML 1.0 Transitional//EN"
    "http://www.w3.org/TR/xhtml1/DTD/xhtml1-transitional.dtd">
<html xmlns="http://www.w3.org/1999/xhtml" xml:lang="en" lang="en">
 <head>
  <title>
</title>
<meta http-equiv="Content-Type" content="text/html;charset=utf-8" />
  <meta name='ocr-system' content='tesseract 3.04.00' />
  <meta name='ocr-capabilities' content='ocr_page ocr_carea ocr_par ocr_line ocrx_word'/>
</head>
<body>
  <div class='ocr_page' id='page_1' title='image "./elementaiurisec00munegoog_0084.png"; bbox 0 0 3234 4902; ppageno 0'>
   <div class='ocr_carea' id='block_1_1' title="bbox 171 469 1355 1414">
    <p class='ocr_par' dir='ltr' id='par_1_1' title="bbox 172 469 1355 986">
     <span class='ocr_line' id='line_1_1' title="bbox 266 469 1355 558; baseline 0.001 -22"><span class='ocrx_word' id='word_1_1' title='bbox 266 473 320 536; x_wconf 80' lang='lat'>80.</span> <span class='ocrx_word' id='word_1_2' title='bbox 349 469 604 536; x_wconf 73' lang='lat' dir='ltr'>Ocncnunmun.</span> <span class='ocrx_word' id='word_1_3' title='bbox 632 509 676 518; x_wconf 94' lang='lat'>-</span> <span class='ocrx_word' id='word_1_4' title='bbox 710 471 806 555; x_wconf 85' lang='lat' dir='ltr'>Ergo</span> <span class='ocrx_word' id='word_1_5' title='bbox 841 470 1050 538; x_wconf 86' lang='lat' dir='ltr'>irrationalis</span> <span class='ocrx_word' id='word_1_6' title='bbox 1078 479 1113 538; x_wconf 88' lang='lat' dir='ltr'>et</span> <span class='ocrx_word' id='word_1_7' title='bbox 1146 471 1355 558; x_wconf 85' lang='lat' dir='ltr'>perniciosus</span> 
     </span>
     <span class='ocr_line' id='line_1_2' title="bbox 174 575 1354 664; baseline 0.003 -23"><span class='ocrx_word' id='word_1_8' title='bbox 174 575 484 643; x_wconf 85' lang='lat' dir='ltr'>indifferentismus</span> <span class='ocrx_word' id='word_1_9' title='bbox 508 583 542 642; x_wconf 90' lang='lat' dir='ltr'>et</span> <span class='ocrx_word' id='word_1_10' title='bbox 564 575 818 662; x_wconf 85' lang='lat' dir='ltr'>naturalismus,</span> <span class='ocrx_word' id='word_1_11' title='bbox 842 601 972 644; x_wconf 82' lang='lat' dir='ltr'>errores</span> <span class='ocrx_word' id='word_1_12' title='bbox 997 577 1155 664; x_wconf 82' lang='lat' dir='ltr'>vigentes</span> <span class='ocrx_word' id='word_1_13' title='bbox 1173 579 1354 664; x_wconf 82' lang='lat' dir='ltr'>exquibus</span> 
     </span>
     <span class='ocr_line' id='line_1_3' title="bbox 173 681 1354 770; baseline 0 -20"><span class='ocrx_word' id='word_1_14' title='bbox 173 683 334 769; x_wconf 85' lang='lat' dir='ltr'>sequitur</span> <span class='ocrx_word' id='word_1_15' title='bbox 356 683 461 748; x_wconf 84' lang='lat' dir='ltr'>statui</span> <span class='ocrx_word' id='word_1_16' title='bbox 484 682 577 748; x_wconf 91' lang='lat' dir='ltr'>civili</span> <span class='ocrx_word' id='word_1_17' title='bbox 602 681 943 770; x_wconf 87' lang='lat' dir='ltr'>praescindenduma</span> <span class='ocrx_word' id='word_1_18' title='bbox 967 684 1132 770; x_wconf 86' lang='lat' dir='ltr'>religione</span> <span class='ocrx_word' id='word_1_19' title='bbox 1156 686 1276 750; x_wconf 87' lang='lat' dir='ltr'>saltem</span> <span class='ocrx_word' id='word_1_20' title='bbox 1300 709 1354 750; x_wconf 89' lang='lat' dir='ltr'>su-</span> 
     </span>
     <span class='ocr_line' id='line_1_4' title="bbox 174 789 1355 880; baseline 0 -24"><span class='ocrx_word' id='word_1_21' title='bbox 174 791 407 880; x_wconf 80' lang='lat' dir='ltr'>pernaturali,</span> <span class='ocrx_word' id='word_1_22' title='bbox 431 799 466 857; x_wconf 85' lang='lat' dir='ltr'>et</span> <span class='ocrx_word' id='word_1_23' title='bbox 489 791 698 856; x_wconf 75' lang='lat' dir='ltr'>condendam</span> <span class='ocrx_word' id='word_1_24' title='bbox 721 789 968 876; x_wconf 73' lang='lat' dir='ltr'>legislationem</span> <span class='ocrx_word' id='word_1_25' title='bbox 994 793 1038 858; x_wconf 83' lang='lat' dir='ltr'>ed</span> <span class='ocrx_word' id='word_1_26' title='bbox 1062 791 1264 877; x_wconf 85' lang='lat' dir='ltr'>religionem</span> <span class='ocrx_word' id='word_1_27' title='bbox 1287 814 1355 857; x_wconf 91' lang='lat' dir='ltr'>non</span> 
     </span>
     <span class='ocr_line' id='line_1_5' title="bbox 172 899 467 986; baseline -0.007 -20"><span class='ocrx_word' id='word_1_28' title='bbox 172 899 390 986; x_wconf 87' lang='lat' dir='ltr'>respiciendo</span> <span class='ocrx_word' id='word_1_29' title='bbox 413 903 467 984; x_wconf 83' lang='lat'>(1).</span> 
     </span>
    </p>

    <p class='ocr_par' dir='ltr' id='par_1_2' title="bbox 171 1003 1354 1414">
     <span class='ocr_line' id='line_1_6' title="bbox 267 1003 1353 1098; baseline 0.001 -28"><span class='ocrx_word' id='word_1_30' title='bbox 267 1007 388 1072; x_wconf 85' lang='lat' dir='ltr'>Falsus</span> <span class='ocrx_word' id='word_1_31' title='bbox 410 1013 445 1072; x_wconf 88' lang='lat' dir='ltr'>et</span> <span class='ocrx_word' id='word_1_32' title='bbox 467 1005 655 1098; x_wconf 88' lang='lat' dir='ltr'>reiciendus</span> <span class='ocrx_word' id='word_1_33' title='bbox 677 1003 905 1070; x_wconf 88' lang='lat' dir='ltr'>liberalismus</span> <span class='ocrx_word' id='word_1_34' title='bbox 928 1007 976 1088; x_wconf 76' lang='lat'>(2)</span> <span class='ocrx_word' id='word_1_35' title='bbox 1001 1005 1059 1092; x_wconf 88' lang='lat' dir='ltr'>qui</span> <span class='ocrx_word' id='word_1_36' title='bbox 1085 1013 1280 1092; x_wconf 83' lang='lat' dir='ltr'>propugnat</span> <span class='ocrx_word' id='word_1_37' title='bbox 1303 1029 1353 1071; x_wconf 92' lang='lat' dir='ltr'>se·</span> 
     </span>
     <span class='ocr_line' id='line_1_7' title="bbox 173 1111 1353 1200; baseline 0.001 -22"><span class='ocrx_word' id='word_1_38' title='bbox 173 1113 390 1200; x_wconf 87' lang='lat' dir='ltr'>parationem</span> <span class='ocrx_word' id='word_1_39' title='bbox 414 1111 532 1178; x_wconf 83' lang='lat' dir='ltr'>Status</span> <span class='ocrx_word' id='word_1_40' title='bbox 555 1113 597 1178; x_wconf 87' lang='lat' dir='ltr'>ab</span> <span class='ocrx_word' id='word_1_41' title='bbox 621 1113 774 1178; x_wconf 80' lang='lat' dir='ltr'>Ecclesia</span> <span class='ocrx_word' id='word_1_42' title='bbox 797 1112 895 1178; x_wconf 82' lang='lat' dir='ltr'>iuxta</span> <span class='ocrx_word' id='word_1_43' title='bbox 917 1113 1013 1178; x_wconf 88' lang='lat' dir='ltr'>illam</span> <span class='ocrx_word' id='word_1_44' title='bbox 1038 1113 1220 1179; x_wconf 85' lang='lat' dir='ltr'>formulam</span> <span class='ocrx_word' id='word_1_45' title='bbox 1238 1139 1257 1174; x_wconf 66' lang='lat' dir='ltr'>c</span> <span class='ocrx_word' id='word_1_46' title='bbox 1281 1113 1353 1178; x_wconf 85' lang='lat' dir='ltr'>Lex</span> 
     </span>
     <span class='ocr_line' id='line_1_8' title="bbox 171 1213 1352 1286; baseline -0.002 0"><span class='ocrx_word' id='word_1_47' title='bbox 171 1227 229 1286; x_wconf 87' lang='lat' dir='ltr'>est</span> <span class='ocrx_word' id='word_1_48' title='bbox 252 1221 352 1286; x_wconf 87' lang='lat' dir='ltr'>athea</span> <span class='ocrx_word' id='word_1_49' title='bbox 375 1247 393 1282; x_wconf 72' lang='lat' dir='ltr'>a</span> <span class='ocrx_word' id='word_1_50' title='bbox 417 1221 471 1286; x_wconf 90' lang='lat' dir='ltr'>vel</span> <span class='ocrx_word' id='word_1_51' title='bbox 495 1219 743 1286; x_wconf 80' lang='lat' dir='ltr'>Oavourianam</span> <span class='ocrx_word' id='word_1_52' title='bbox 769 1247 787 1281; x_wconf 67' lang='grc' dir='ltr'><strong><em>ι</em></strong></span> <span class='ocrx_word' id='word_1_53' title='bbox 804 1213 928 1286; x_wconf 78' lang='lat' dir='ltr'>Libera</span> <span class='ocrx_word' id='word_1_54' title='bbox 945 1219 1068 1286; x_wconf 82' lang='lat' dir='ltr'>Ohiesa</span> <span class='ocrx_word' id='word_1_55' title='bbox 1092 1219 1128 1285; x_wconf 91' lang='lat' dir='ltr'>in</span> <span class='ocrx_word' id='word_1_56' title='bbox 1152 1219 1259 1286; x_wconf 91' lang='lat' dir='ltr'>libero</span> <span class='ocrx_word' id='word_1_57' title='bbox 1276 1221 1352 1286; x_wconf 84' lang='lat' dir='ltr'>Sta-</span> 
     </span>
     <span class='ocr_line' id='line_1_9' title="bbox 173 1327 1354 1414; baseline 0 -20"><span class='ocrx_word' id='word_1_58' title='bbox 173 1335 214 1396; x_wconf 80' lang='lat' dir='ltr'>to</span> <span class='ocrx_word' id='word_1_59' title='bbox 225 1356 244 1390; x_wconf 68' lang='lat' dir='ltr'>a</span> <span class='ocrx_word' id='word_1_60' title='bbox 270 1331 316 1412; x_wconf 87' lang='lat'>(3)</span> <span class='ocrx_word' id='word_1_61' title='bbox 341 1352 427 1414; x_wconf 88' lang='lat' dir='ltr'>quae</span> <span class='ocrx_word' id='word_1_62' title='bbox 450 1328 538 1394; x_wconf 87' lang='lat' dir='ltr'>nihil</span> <span class='ocrx_word' id='word_1_63' title='bbox 558 1327 652 1392; x_wconf 89' lang='lat' dir='ltr'>aliud</span> <span class='ocrx_word' id='word_1_64' title='bbox 669 1327 861 1413; x_wconf 81' lang='lat' dir='ltr'>significare</span> <span class='ocrx_word' id='word_1_65' title='bbox 878 1328 998 1394; x_wconf 86' lang='lat' dir='ltr'>volunt</span> <span class='ocrx_word' id='word_1_66' title='bbox 1013 1352 1115 1414; x_wconf 90' lang='lat' dir='ltr'>quam</span> <span class='ocrx_word' id='word_1_67' title='bbox 1130 1329 1267 1394; x_wconf 85' lang='lat' dir='ltr'>Statum</span> <span class='ocrx_word' id='word_1_68' title='bbox 1283 1351 1354 1394; x_wconf 89' lang='lat' dir='ltr'>esse</span> 
     </span>
    </p>
   </div>
   <div class='ocr_carea' id='block_1_2' title="bbox 172 1539 1353 2772">
    <p class='ocr_par' dir='ltr' id='par_1_3' title="bbox 172 1539 1353 2320">
     <span class='ocr_line' id='line_1_10' title="bbox 247 1539 1351 1614; baseline 0.002 -20"><span class='ocrx_word' id='word_1_69' title='bbox 247 1541 284 1606; x_wconf 76' lang='lat' dir='ltr'>(ll</span> <span class='ocrx_word' id='word_1_70' title='bbox 305 1539 333 1596; x_wconf 86' lang='lat' dir='ltr'>S.</span> <span class='ocrx_word' id='word_1_71' title='bbox 352 1539 387 1594; x_wconf 92' lang='lat' dir='ltr'>P.</span> <span class='ocrx_word' id='word_1_72' title='bbox 403 1543 472 1596; x_wconf 81' lang='lat' dir='ltr'>Pius</span> <span class='ocrx_word' id='word_1_73' title='bbox 492 1543 538 1597; x_wconf 83' lang='lat' dir='ltr'>IX</span> <span class='ocrx_word' id='word_1_74' title='bbox 551 1542 625 1596; x_wconf 88' lang='lat' dir='ltr'>haec</span> <span class='ocrx_word' id='word_1_75' title='bbox 644 1541 682 1596; x_wconf 90' lang='lat' dir='ltr'>ad</span> <span class='ocrx_word' id='word_1_76' title='bbox 696 1559 759 1596; x_wconf 88' lang='lat' dir='ltr'>rem</span> <span class='ocrx_word' id='word_1_77' title='bbox 774 1541 804 1596; x_wconf 90' lang='lat' dir='ltr'>in</span> <span class='ocrx_word' id='word_1_78' title='bbox 818 1541 884 1596; x_wconf 90' lang='lat' dir='ltr'>suis</span> <span class='ocrx_word' id='word_1_79' title='bbox 897 1541 1010 1596; x_wconf 86' lang='lat' dir='ltr'>litteris</span> <span class='ocrx_word' id='word_1_80' title='bbox 1026 1541 1203 1614; x_wconf 81' lang='lat' dir='ltr'>Encyclicis</span> <span class='ocrx_word' id='word_1_81' title='bbox 1221 1562 1236 1594; x_wconf 73' lang='lat' dir='ltr'>v</span> <span class='ocrx_word' id='word_1_82' title='bbox 1253 1544 1351 1606; x_wconf 78' lang='lat' dir='ltr'>Quan-</span> 
     </span>
     <span class='ocr_line' id='line_1_11' title="bbox 172 1623 1352 1702; baseline -0.003 -15"><span class='ocrx_word' id='word_1_83' title='bbox 172 1635 209 1687; x_wconf 78' lang='lat' dir='ltr'>ta</span> <span class='ocrx_word' id='word_1_84' title='bbox 228 1647 303 1685; x_wconf 84' lang='lat' dir='ltr'>cura</span> <span class='ocrx_word' id='word_1_85' title='bbox 323 1651 338 1680; x_wconf 72' lang='lat' dir='ltr'>a</span> <span class='ocrx_word' id='word_1_86' title='bbox 359 1647 406 1684; x_wconf 90' lang='lat' dir='ltr'>an.</span> <span class='ocrx_word' id='word_1_87' title='bbox 427 1630 496 1684; x_wconf 84' lang='grc'>1864</span> <span class='ocrx_word' id='word_1_88' title='bbox 515 1623 691 1702; x_wconf 54' lang='lat' dir='ltr'>scripsite«</span> <span class='ocrx_word' id='word_1_89' title='bbox 712 1629 813 1686; x_wconf 90' lang='lat' dir='ltr'>Probe</span> <span class='ocrx_word' id='word_1_90' title='bbox 824 1630 953 1686; x_wconf 87' lang='lat' dir='ltr'>noscitis</span> <span class='ocrx_word' id='word_1_91' title='bbox 973 1631 1030 1686; x_wconf 90' lang='lat' dir='ltr'>hoc</span> <span class='ocrx_word' id='word_1_92' title='bbox 1046 1639 1181 1700; x_wconf 89' lang='lat' dir='ltr'>tempore</span> <span class='ocrx_word' id='word_1_93' title='bbox 1201 1648 1260 1684; x_wconf 89' lang='lat' dir='ltr'>non</span> <span class='ocrx_word' id='word_1_94' title='bbox 1281 1647 1352 1701; x_wconf 87' lang='lat' dir='ltr'>pau-</span> 
     </span>
     <span class='ocr_line' id='line_1_12' title="bbox 174 1716 1350 1790; baseline -0.001 -18"><span class='ocrx_word' id='word_1_95' title='bbox 174 1734 229 1772; x_wconf 86' lang='lat' dir='ltr'>cos</span> <span class='ocrx_word' id='word_1_96' title='bbox 248 1717 376 1788; x_wconf 87' lang='lat' dir='ltr'>reperiri</span> <span class='ocrx_word' id='word_1_97' title='bbox 397 1717 448 1788; x_wconf 89' lang='lat' dir='ltr'>qui</span> <span class='ocrx_word' id='word_1_98' title='bbox 463 1716 547 1772; x_wconf 88' lang='lat' dir='ltr'>civili</span> <span class='ocrx_word' id='word_1_99' title='bbox 568 1719 722 1773; x_wconf 88' lang='lat' dir='ltr'>consortio</span> <span class='ocrx_word' id='word_1_100' title='bbox 743 1718 870 1789; x_wconf 86' lang='lat' dir='ltr'>impium</span> <span class='ocrx_word' id='word_1_101' title='bbox 892 1718 1209 1790; x_wconf 84' lang='lat' dir='ltr'>absurdissimumque</span> <span class='ocrx_word' id='word_1_102' title='bbox 1230 1725 1350 1772; x_wconf 88' lang='lat' dir='ltr'>natura·</span> 
     </span>
     <span class='ocr_line' id='line_1_13' title="bbox 178 1798 1350 1878; baseline 0 -18"><span class='ocrx_word' id='word_1_103' title='bbox 178 1806 274 1874; x_wconf 90' lang='lat' dir='ltr'>lismi,</span> <span class='ocrx_word' id='word_1_104' title='bbox 294 1806 340 1860; x_wconf 89' lang='lat' dir='ltr'>uti</span> <span class='ocrx_word' id='word_1_105' title='bbox 361 1813 480 1874; x_wconf 88' lang='lat' dir='ltr'>vocant,</span> <span class='ocrx_word' id='word_1_106' title='bbox 505 1798 690 1878; x_wconf 87' lang='lat' dir='ltr'>principium</span> <span class='ocrx_word' id='word_1_107' title='bbox 710 1807 910 1878; x_wconf 81' lang='lat' dir='ltr'>applicantes,</span> <span class='ocrx_word' id='word_1_108' title='bbox 931 1809 1045 1862; x_wconf 86' lang='lat' dir='ltr'>audent</span> <span class='ocrx_word' id='word_1_109' title='bbox 1064 1808 1185 1862; x_wconf 78' lang='lat' dir='ltr'>docere</span> <span class='ocrx_word' id='word_1_110' title='bbox 1205 1807 1350 1878; x_wconf 92' lang='lat' dir='ltr'>optimam</span> 
     </span>
     <span class='ocr_line' id='line_1_14' title="bbox 173 1895 1351 1968; baseline 0 -18"><span class='ocrx_word' id='word_1_111' title='bbox 173 1895 337 1950; x_wconf 83' lang='lat' dir='ltr'>societatis</span> <span class='ocrx_word' id='word_1_112' title='bbox 356 1895 497 1966; x_wconf 87' lang='lat' dir='ltr'>publicae</span> <span class='ocrx_word' id='word_1_113' title='bbox 510 1895 669 1962; x_wconf 84' lang='lat' dir='ltr'>rationem,</span> <span class='ocrx_word' id='word_1_114' title='bbox 689 1897 871 1968; x_wconf 86' lang='lat' dir='ltr'>civilemque</span> <span class='ocrx_word' id='word_1_115' title='bbox 888 1915 1086 1968; x_wconf 84' lang='lat' dir='ltr'>progressum</span> <span class='ocrx_word' id='word_1_116' title='bbox 1108 1898 1232 1951; x_wconf 88' lang='lat' dir='ltr'>omnino</span> <span class='ocrx_word' id='word_1_117' title='bbox 1251 1895 1351 1968; x_wconf 88' lang='lat' dir='ltr'>requi·</span> 
     </span>
     <span class='ocr_line' id='line_1_15' title="bbox 176 1985 1352 2057; baseline 0.002 -19"><span class='ocrx_word' id='word_1_118' title='bbox 176 2003 244 2041; x_wconf 82' lang='lat' dir='ltr'>rere</span> <span class='ocrx_word' id='word_1_119' title='bbox 264 1994 297 2039; x_wconf 92' lang='lat' dir='ltr'>ut</span> <span class='ocrx_word' id='word_1_120' title='bbox 316 1985 449 2041; x_wconf 76' lang='lat' dir='ltr'>huniana</span> <span class='ocrx_word' id='word_1_121' title='bbox 476 1986 608 2041; x_wconf 86' lang='lat' dir='ltr'>societas</span> <span class='ocrx_word' id='word_1_122' title='bbox 629 1986 835 2041; x_wconf 86' lang='lat' dir='ltr'>constituatur</span> <span class='ocrx_word' id='word_1_123' title='bbox 855 1993 884 2042; x_wconf 89' lang='lat' dir='ltr'>et</span> <span class='ocrx_word' id='word_1_124' title='bbox 911 1987 1107 2057; x_wconf 80' lang='lat' dir='ltr'>gubernetur,</span> <span class='ocrx_word' id='word_1_125' title='bbox 1143 1987 1227 2041; x_wconf 90' lang='lat' dir='ltr'>nullo</span> <span class='ocrx_word' id='word_1_126' title='bbox 1247 1987 1352 2041; x_wconf 88' lang='lat' dir='ltr'>habito</span> 
     </span>
     <span class='ocr_line' id='line_1_16' title="bbox 173 2074 1352 2145; baseline 0.001 -16"><span class='ocrx_word' id='word_1_127' title='bbox 173 2075 217 2129; x_wconf 82' lang='lat' dir='ltr'>ad</span> <span class='ocrx_word' id='word_1_128' title='bbox 236 2074 417 2145; x_wconf 87' lang='lat' dir='ltr'>religionem</span> <span class='ocrx_word' id='word_1_129' title='bbox 437 2085 585 2145; x_wconf 86' lang='lat' dir='ltr'>respectu,</span> <span class='ocrx_word' id='word_1_130' title='bbox 606 2094 640 2130; x_wconf 92' lang='lat' dir='ltr'>ac</span> <span class='ocrx_word' id='word_1_131' title='bbox 661 2076 686 2130; x_wconf 88' lang='lat' dir='ltr'>si</span> <span class='ocrx_word' id='word_1_132' title='bbox 708 2093 766 2130; x_wconf 90' lang='lat' dir='ltr'>non</span> <span class='ocrx_word' id='word_1_133' title='bbox 787 2076 942 2144; x_wconf 80' lang='lat' dir='ltr'>existeret,</span> <span class='ocrx_word' id='word_1_134' title='bbox 963 2076 1010 2130; x_wconf 91' lang='lat' dir='ltr'>vel</span> <span class='ocrx_word' id='word_1_135' title='bbox 1036 2076 1122 2130; x_wconf 91' lang='lat' dir='ltr'>nullo</span> <span class='ocrx_word' id='word_1_136' title='bbox 1143 2075 1224 2130; x_wconf 84' lang='lat' dir='ltr'>facto</span> <span class='ocrx_word' id='word_1_137' title='bbox 1245 2075 1352 2130; x_wconf 88' lang='lat' dir='ltr'>discri-</span> 
     </span>
     <span class='ocr_line' id='line_1_17' title="bbox 177 2163 1353 2238; baseline 0.001 -20"><span class='ocrx_word' id='word_1_138' title='bbox 177 2163 260 2218; x_wconf 88' lang='lat' dir='ltr'>mine</span> <span class='ocrx_word' id='word_1_139' title='bbox 275 2181 375 2218; x_wconf 84' lang='lat' dir='ltr'>veram</span> <span class='ocrx_word' id='word_1_140' title='bbox 391 2164 471 2219; x_wconf 90' lang='lat' dir='ltr'>inter</span> <span class='ocrx_word' id='word_1_141' title='bbox 484 2164 640 2238; x_wconf 72' lang='lat' dir='ltr'>falsasque</span> <span class='ocrx_word' id='word_1_142' title='bbox 653 2164 823 2234; x_wconf 84' lang='lat' dir='ltr'>religiones</span> <span class='ocrx_word' id='word_1_143' title='bbox 838 2185 862 2222; x_wconf 77' lang='lat' dir='ltr'>a,</span> <span class='ocrx_word' id='word_1_144' title='bbox 882 2165 943 2220; x_wconf 78' lang='lat' dir='ltr'>cfr.</span> <span class='ocrx_word' id='word_1_145' title='bbox 957 2183 1041 2236; x_wconf 88' lang='lat' dir='ltr'>prop.</span> <span class='ocrx_word' id='word_1_146' title='bbox 1059 2166 1160 2222; x_wconf 86' lang='lat' dir='ltr'>damn.</span> <span class='ocrx_word' id='word_1_147' title='bbox 1174 2165 1205 2220; x_wconf 89' lang='lat' dir='ltr'>in</span> <span class='ocrx_word' id='word_1_148' title='bbox 1216 2164 1353 2236; x_wconf 82' lang='lat' dir='ltr'>Syllabo,</span> 
     </span>
     <span class='ocr_line' id='line_1_18' title="bbox 172 2252 387 2320; baseline 0.005 -15"><span class='ocrx_word' id='word_1_149' title='bbox 172 2252 387 2320; x_wconf 49' lang='lat' dir='ltr'>zdtdd</span> 
     </span>
    </p>

    <p class='ocr_par' dir='ltr' id='par_1_4' title="bbox 172 2340 1352 2772">
     <span class='ocr_line' id='line_1_19' title="bbox 249 2340 1351 2408; baseline 0.002 -14"><span class='ocrx_word' id='word_1_150' title='bbox 249 2341 350 2408; x_wconf 83' lang='lat' dir='ltr'>Quare</span> <span class='ocrx_word' id='word_1_151' title='bbox 370 2341 610 2396; x_wconf 88' lang='lat' dir='ltr'>concludendum</span> <span class='ocrx_word' id='word_1_152' title='bbox 631 2340 734 2397; x_wconf 88' lang='lat' dir='ltr'>verbis</span> <span class='ocrx_word' id='word_1_153' title='bbox 754 2343 790 2398; x_wconf 89' lang='lat' dir='ltr'>cl.</span> <span class='ocrx_word' id='word_1_154' title='bbox 811 2345 949 2400; x_wconf 81' lang='lat' dir='ltr'>Aichccv:</span> <span class='ocrx_word' id='word_1_155' title='bbox 970 2342 1135 2396; x_wconf 84' lang='lat' dir='ltr'>«Attentis</span> <span class='ocrx_word' id='word_1_156' title='bbox 1156 2341 1351 2396; x_wconf 87' lang='lat' dir='ltr'>circumstan-</span> 
     </span>
     <span class='ocr_line' id='line_1_20' title="bbox 173 2431 1352 2505; baseline -0.002 -19"><span class='ocrx_word' id='word_1_157' title='bbox 173 2431 303 2486; x_wconf 86' lang='lat' dir='ltr'>stantiis</span> <span class='ocrx_word' id='word_1_158' title='bbox 323 2431 414 2486; x_wconf 88' lang='lat' dir='ltr'>huius</span> <span class='ocrx_word' id='word_1_159' title='bbox 434 2433 580 2504; x_wconf 89' lang='lat' dir='ltr'>temporis</span> <span class='ocrx_word' id='word_1_160' title='bbox 600 2451 658 2505; x_wconf 90' lang='lat' dir='ltr'>quo</span> <span class='ocrx_word' id='word_1_161' title='bbox 679 2451 777 2488; x_wconf 89' lang='lat' dir='ltr'>rerum</span> <span class='ocrx_word' id='word_1_162' title='bbox 797 2433 989 2504; x_wconf 89' lang='lat' dir='ltr'>politicarum</span> <span class='ocrx_word' id='word_1_163' title='bbox 1011 2449 1118 2487; x_wconf 87' lang='lat' dir='ltr'>cursus</span> <span class='ocrx_word' id='word_1_164' title='bbox 1138 2431 1302 2486; x_wconf 85' lang='lat' dir='ltr'>manifeste</span> <span class='ocrx_word' id='word_1_165' title='bbox 1314 2433 1352 2485; x_wconf 82' lang='lat' dir='ltr'>ed</span> 
     </span>
     <span class='ocr_line' id='line_1_21' title="bbox 177 2519 1352 2594; baseline 0.003 -21"><span class='ocrx_word' id='word_1_166' title='bbox 177 2521 259 2574; x_wconf 90' lang='lat' dir='ltr'>hanc</span> <span class='ocrx_word' id='word_1_167' title='bbox 280 2519 518 2575; x_wconf 80' lang='lat' dir='ltr'>indifferentiam</span> <span class='ocrx_word' id='word_1_168' title='bbox 538 2523 648 2593; x_wconf 86' lang='lat' dir='ltr'>tendit,</span> <span class='ocrx_word' id='word_1_169' title='bbox 677 2521 760 2577; x_wconf 89' lang='lat' dir='ltr'>alind</span> <span class='ocrx_word' id='word_1_170' title='bbox 782 2541 840 2578; x_wconf 90' lang='lat' dir='ltr'>non</span> <span class='ocrx_word' id='word_1_171' title='bbox 863 2530 1002 2594; x_wconf 82' lang='lat' dir='ltr'>superest</span> <span class='ocrx_word' id='word_1_172' title='bbox 1022 2522 1083 2576; x_wconf 90' lang='lat' dir='ltr'>nisi</span> <span class='ocrx_word' id='word_1_173' title='bbox 1113 2531 1147 2575; x_wconf 92' lang='lat' dir='ltr'>ut</span> <span class='ocrx_word' id='word_1_174' title='bbox 1167 2523 1231 2576; x_wconf 88' lang='lat' dir='ltr'>veri</span> <span class='ocrx_word' id='word_1_175' title='bbox 1252 2523 1352 2576; x_wconf 88' lang='lat' dir='ltr'>catho-</span> 
     </span>
     <span class='ocr_line' id='line_1_22' title="bbox 178 2609 1352 2682; baseline 0 -18"><span class='ocrx_word' id='word_1_176' title='bbox 178 2609 231 2664; x_wconf 89' lang='lat' dir='ltr'>lici</span> <span class='ocrx_word' id='word_1_177' title='bbox 253 2613 333 2664; x_wconf 78' lang='lat' dir='ltr'>cinni</span> <span class='ocrx_word' id='word_1_178' title='bbox 367 2611 564 2682; x_wconf 84' lang='lat' dir='ltr'>contentione</span> <span class='ocrx_word' id='word_1_179' title='bbox 595 2630 661 2666; x_wconf 85' lang='lat' dir='ltr'>eam</span> <span class='ocrx_word' id='word_1_180' title='bbox 694 2612 868 2667; x_wconf 88' lang='lat' dir='ltr'>libertatem</span> <span class='ocrx_word' id='word_1_181' title='bbox 889 2611 1051 2667; x_wconf 75' lang='lat' dir='ltr'>Ecclesiae</span> <span class='ocrx_word' id='word_1_182' title='bbox 1079 2629 1152 2666; x_wconf 88' lang='lat' dir='ltr'>suae</span> <span class='ocrx_word' id='word_1_183' title='bbox 1185 2611 1352 2680; x_wconf 85' lang='lat' dir='ltr'>vindicent,</span> 
     </span>
     <span class='ocr_line' id='line_1_23' title="bbox 172 2699 1217 2772; baseline 0.002 -18"><span class='ocrx_word' id='word_1_184' title='bbox 172 2717 254 2771; x_wconf 78' lang='lat' dir='ltr'>quae</span> <span class='ocrx_word' id='word_1_185' title='bbox 275 2706 478 2754; x_wconf 88' lang='lat' dir='ltr'>consentanea</span> <span class='ocrx_word' id='word_1_186' title='bbox 500 2708 546 2754; x_wconf 89' lang='lat' dir='ltr'>ost</span> <span class='ocrx_word' id='word_1_187' title='bbox 566 2701 642 2772; x_wconf 88' lang='lat' dir='ltr'>ipsis</span> <span class='ocrx_word' id='word_1_188' title='bbox 662 2701 822 2772; x_wconf 87' lang='lat' dir='ltr'>principiis</span> <span class='ocrx_word' id='word_1_189' title='bbox 842 2707 942 2757; x_wconf 87' lang='lat' dir='ltr'>status</span> <span class='ocrx_word' id='word_1_190' title='bbox 963 2699 1172 2756; x_wconf 86' lang='lat' dir='ltr'>indifferentis</span> <span class='ocrx_word' id='word_1_191' title='bbox 1193 2720 1217 2756; x_wconf 83' lang='grc'>».</span> 
     </span>
    </p>
   </div>
   <div class='ocr_carea' id='block_1_3' title="bbox 122 2805 1354 4219">
    <p class='ocr_par' dir='ltr' id='par_1_5' title="bbox 122 2805 1354 4219">
     <span class='ocr_line' id='line_1_24' title="bbox 249 2805 1352 2879; baseline 0.005 -21"><span class='ocrx_word' id='word_1_192' title='bbox 249 2807 287 2872; x_wconf 72' lang='grc'>(2)</span> <span class='ocrx_word' id='word_1_193' title='bbox 307 2807 335 2861; x_wconf 88' lang='lat' dir='ltr'>S.</span> <span class='ocrx_word' id='word_1_194' title='bbox 356 2805 390 2860; x_wconf 91' lang='lat' dir='ltr'>P.</span> <span class='ocrx_word' id='word_1_195' title='bbox 411 2810 468 2862; x_wconf 83' lang='lat' dir='ltr'>Lao</span> <span class='ocrx_word' id='word_1_196' title='bbox 492 2809 587 2876; x_wconf 90' lang='lat' dir='ltr'><em>XIII,</em></span> <span class='ocrx_word' id='word_1_197' title='bbox 620 2807 650 2860; x_wconf 90' lang='lat' dir='ltr'>iu</span> <span class='ocrx_word' id='word_1_198' title='bbox 683 2808 809 2878; x_wconf 79' lang='lat' dir='ltr'>Encycl.</span> <span class='ocrx_word' id='word_1_199' title='bbox 840 2811 1014 2864; x_wconf 80' lang='lat' dir='ltr'>«Libertus</span> <span class='ocrx_word' id='word_1_200' title='bbox 1040 2826 1122 2862; x_wconf 72' lang='lat' dir='ltr'>aen.</span> <span class='ocrx_word' id='word_1_201' title='bbox 1142 2809 1219 2875; x_wconf 84' lang='lat'>1888,</span> <span class='ocrx_word' id='word_1_202' title='bbox 1240 2807 1352 2879; x_wconf 80' lang='lat' dir='ltr'>triplex</span> 
     </span>
     <span class='ocr_line' id='line_1_25' title="bbox 122 2893 1351 2969; baseline 0.003 -22"><span class='ocrx_word' id='word_1_203' title='bbox 122 2934 125 2941; x_wconf 87' lang='grc'><em>.</em></span> <span class='ocrx_word' id='word_1_204' title='bbox 177 2893 354 2948; x_wconf 85' lang='lat' dir='ltr'>liberalium</span> <span class='ocrx_word' id='word_1_205' title='bbox 374 2913 471 2966; x_wconf 86' lang='lat' dir='ltr'>genus</span> <span class='ocrx_word' id='word_1_206' title='bbox 490 2896 674 2966; x_wconf 86' lang='lat' dir='ltr'>distinguit:</span> <span class='ocrx_word' id='word_1_207' title='bbox 696 2897 732 2952; x_wconf 85' lang='lat' dir='ltr'>l.⁰</span> <span class='ocrx_word' id='word_1_208' title='bbox 753 2904 799 2950; x_wconf 89' lang='lat' dir='ltr'>est</span> <span class='ocrx_word' id='word_1_209' title='bbox 819 2914 923 2951; x_wconf 83' lang='lat' dir='ltr'>eorum</span> <span class='ocrx_word' id='word_1_210' title='bbox 937 2899 987 2969; x_wconf 88' lang='lat' dir='ltr'>qui</span> <span class='ocrx_word' id='word_1_211' title='bbox 1007 2898 1179 2952; x_wconf 78' lang='lat' dir='ltr'>absolutam</span> <span class='ocrx_word' id='word_1_212' title='bbox 1202 2898 1351 2952; x_wconf 87' lang='lat' dir='ltr'>humanae</span> 
     </span>
     <span class='ocr_line' id='line_1_26' title="bbox 178 2985 1351 3061; baseline 0.002 -23"><span class='ocrx_word' id='word_1_213' title='bbox 178 2985 309 3061; x_wconf 74' lang='lat' dir='ltr'>rationis</span> <span class='ocrx_word' id='word_1_214' title='bbox 343 2985 611 3056; x_wconf 86' lang='lat' dir='ltr'>independentiam</span> <span class='ocrx_word' id='word_1_215' title='bbox 641 2987 678 3040; x_wconf 90' lang='lat' dir='ltr'>ab</span> <span class='ocrx_word' id='word_1_216' title='bbox 700 2987 764 3040; x_wconf 88' lang='lat' dir='ltr'>ulla</span> <span class='ocrx_word' id='word_1_217' title='bbox 783 2985 851 3057; x_wconf 84' lang='lat' dir='ltr'>lege</span> <span class='ocrx_word' id='word_1_218' title='bbox 873 3004 927 3041; x_wconf 88' lang='lat' dir='ltr'>seu</span> <span class='ocrx_word' id='word_1_219' title='bbox 947 2988 1103 3058; x_wconf 87' lang='lat' dir='ltr'>superiore</span> <span class='ocrx_word' id='word_1_220' title='bbox 1125 2993 1250 3041; x_wconf 89' lang='lat' dir='ltr'>tuentur</span> <span class='ocrx_word' id='word_1_221' title='bbox 1270 2993 1301 3041; x_wconf 89' lang='lat' dir='ltr'>et</span> <span class='ocrx_word' id='word_1_222' title='bbox 1320 2987 1351 3040; x_wconf 89' lang='lat' dir='ltr'>hi</span> 
     </span>
     <span class='ocr_line' id='line_1_27' title="bbox 177 3074 1350 3145; baseline 0.001 -18"><span class='ocrx_word' id='word_1_223' title='bbox 177 3091 282 3128; x_wconf 89' lang='lat' dir='ltr'>verum</span> <span class='ocrx_word' id='word_1_224' title='bbox 302 3075 399 3128; x_wconf 87' lang='lat' dir='ltr'>Deum</span> <span class='ocrx_word' id='word_1_225' title='bbox 419 3081 542 3145; x_wconf 84' lang='lat' dir='ltr'>negant,</span> <span class='ocrx_word' id='word_1_226' title='bbox 557 3093 610 3130; x_wconf 87' lang='lat' dir='ltr'>seu</span> <span class='ocrx_word' id='word_1_227' title='bbox 630 3075 793 3129; x_wconf 85' lang='lat' dir='ltr'>humanam</span> <span class='ocrx_word' id='word_1_228' title='bbox 813 3083 952 3130; x_wconf 88' lang='lat' dir='ltr'>naturam</span> <span class='ocrx_word' id='word_1_229' title='bbox 975 3074 1119 3130; x_wconf 89' lang='lat' dir='ltr'>deificant</span> <span class='ocrx_word' id='word_1_230' title='bbox 1149 3084 1180 3130; x_wconf 89' lang='lat' dir='ltr'>et</span> <span class='ocrx_word' id='word_1_231' title='bbox 1200 3093 1266 3129; x_wconf 89' lang='lat' dir='ltr'>cum</span> <span class='ocrx_word' id='word_1_232' title='bbox 1288 3080 1350 3131; x_wconf 89' lang='lat' dir='ltr'>veri</span> 
     </span>
     <span class='ocr_line' id='line_1_28' title="bbox 172 3163 1352 3234; baseline 0.002 -17"><span class='ocrx_word' id='word_1_233' title='bbox 172 3166 255 3218; x_wconf 75' lang='lat' dir='ltr'>athei</span> <span class='ocrx_word' id='word_1_234' title='bbox 274 3170 305 3215; x_wconf 89' lang='lat' dir='ltr'>et</span> <span class='ocrx_word' id='word_1_235' title='bbox 322 3165 510 3232; x_wconf 68' lang='lat' dir='ltr'>paschasiae</span> <span class='ocrx_word' id='word_1_236' title='bbox 529 3164 602 3234; x_wconf 87' lang='lat' dir='ltr'>sint,</span> <span class='ocrx_word' id='word_1_237' title='bbox 624 3181 725 3219; x_wconf 86' lang='lat' dir='ltr'>eorum</span> <span class='ocrx_word' id='word_1_238' title='bbox 746 3163 859 3218; x_wconf 86' lang='lat' dir='ltr'>crimen</span> <span class='ocrx_word' id='word_1_239' title='bbox 883 3165 1065 3234; x_wconf 86' lang='lat' dir='ltr'>perevidens</span> <span class='ocrx_word' id='word_1_240' title='bbox 1086 3172 1141 3234; x_wconf 88' lang='lat' dir='ltr'>est;</span> <span class='ocrx_word' id='word_1_241' title='bbox 1169 3166 1209 3222; x_wconf 60' lang='lat'>2?</span> <span class='ocrx_word' id='word_1_242' title='bbox 1229 3173 1276 3219; x_wconf 90' lang='lat' dir='ltr'>est</span> <span class='ocrx_word' id='word_1_243' title='bbox 1305 3183 1352 3220; x_wconf 88' lang='lat' dir='ltr'>eo·</span> 
     </span>
     <span class='ocr_line' id='line_1_29' title="bbox 177 3253 1352 3326; baseline 0.002 -20"><span class='ocrx_word' id='word_1_244' title='bbox 177 3270 243 3306; x_wconf 90' lang='lat' dir='ltr'>rum</span> <span class='ocrx_word' id='word_1_245' title='bbox 264 3253 316 3322; x_wconf 90' lang='lat' dir='ltr'>qui</span> <span class='ocrx_word' id='word_1_246' title='bbox 337 3253 436 3322; x_wconf 85' lang='lat' dir='ltr'>legem</span> <span class='ocrx_word' id='word_1_247' title='bbox 458 3253 513 3308; x_wconf 91' lang='lat' dir='ltr'>Dei</span> <span class='ocrx_word' id='word_1_248' title='bbox 535 3254 704 3308; x_wconf 91' lang='lat' dir='ltr'>naturalem</span> <span class='ocrx_word' id='word_1_249' title='bbox 726 3261 817 3326; x_wconf 88' lang='lat' dir='ltr'>atque</span> <span class='ocrx_word' id='word_1_250' title='bbox 838 3263 993 3308; x_wconf 87' lang='lat' dir='ltr'>aeternam</span> <span class='ocrx_word' id='word_1_251' title='bbox 1009 3255 1216 3321; x_wconf 86' lang='lat' dir='ltr'>admittentes,</span> <span class='ocrx_word' id='word_1_252' title='bbox 1237 3255 1261 3310; x_wconf 90' lang='lat' dir='ltr'>si</span> <span class='ocrx_word' id='word_1_253' title='bbox 1277 3254 1352 3309; x_wconf 91' lang='lat' dir='ltr'>haec</span> 
     </span>
     <span class='ocr_line' id='line_1_30' title="bbox 179 3343 1351 3414; baseline 0.001 -16"><span class='ocrx_word' id='word_1_254' title='bbox 179 3343 234 3398; x_wconf 91' lang='lat' dir='ltr'>Dei</span> <span class='ocrx_word' id='word_1_255' title='bbox 257 3343 400 3398; x_wconf 86' lang='lat' dir='ltr'>voluntas</span> <span class='ocrx_word' id='word_1_256' title='bbox 420 3343 597 3414; x_wconf 88' lang='lat' dir='ltr'>operatione</span> <span class='ocrx_word' id='word_1_257' title='bbox 617 3361 649 3398; x_wconf 93' lang='lat' dir='ltr'>se</span> <span class='ocrx_word' id='word_1_258' title='bbox 662 3344 848 3410; x_wconf 82' lang='lat' dir='ltr'>manifestet,</span> <span class='ocrx_word' id='word_1_259' title='bbox 864 3345 961 3400; x_wconf 91' lang='lat' dir='ltr'>eidem</span> <span class='ocrx_word' id='word_1_260' title='bbox 983 3363 1051 3400; x_wconf 80' lang='lat' dir='ltr'>sese</span> <span class='ocrx_word' id='word_1_261' title='bbox 1073 3345 1225 3400; x_wconf 85' lang='lat' dir='ltr'>subiicere</span> <span class='ocrx_word' id='word_1_262' title='bbox 1237 3345 1351 3411; x_wconf 89' lang='lat' dir='ltr'>dicunt,</span> 
     </span>
     <span class='ocr_line' id='line_1_31' title="bbox 178 3433 1352 3504; baseline 0.001 -18"><span class='ocrx_word' id='word_1_263' title='bbox 178 3433 223 3488; x_wconf 89' lang='lat' dir='ltr'>ita</span> <span class='ocrx_word' id='word_1_264' title='bbox 242 3441 343 3486; x_wconf 87' lang='lat' dir='ltr'>tamen</span> <span class='ocrx_word' id='word_1_265' title='bbox 363 3440 397 3487; x_wconf 91' lang='lat' dir='ltr'>ut</span> <span class='ocrx_word' id='word_1_266' title='bbox 417 3451 535 3487; x_wconf 89' lang='lat' dir='ltr'>omnem</span> <span class='ocrx_word' id='word_1_267' title='bbox 567 3433 766 3488; x_wconf 85' lang='lat' dir='ltr'>revelationis</span> <span class='ocrx_word' id='word_1_268' title='bbox 795 3433 1035 3504; x_wconf 81' lang='lat' dir='ltr'>possibilitatem</span> <span class='ocrx_word' id='word_1_269' title='bbox 1057 3442 1087 3488; x_wconf 89' lang='lat' dir='ltr'>et</span> <span class='ocrx_word' id='word_1_270' title='bbox 1106 3433 1352 3488; x_wconf 89' lang='lat' dir='ltr'>convenientiam</span> 
     </span>
     <span class='ocr_line' id='line_1_32' title="bbox 173 3509 1352 3594; baseline 0 -18"><span class='ocrx_word' id='word_1_271' title='bbox 173 3530 342 3594; x_wconf 78' lang='lat' dir='ltr'>respuant3</span> <span class='ocrx_word' id='word_1_272' title='bbox 363 3523 444 3576; x_wconf 92' lang='lat' dir='ltr'>ethi</span> <span class='ocrx_word' id='word_1_273' title='bbox 465 3527 673 3579; x_wconf 65' lang='lat' dir='ltr'>rationalibius</span> <span class='ocrx_word' id='word_1_274' title='bbox 697 3529 854 3590; x_wconf 86' lang='lat' dir='ltr'>vocantur,</span> <span class='ocrx_word' id='word_1_275' title='bbox 874 3541 1001 3594; x_wconf 84' lang='lat' dir='ltr'>quorum</span> <span class='ocrx_word' id='word_1_276' title='bbox 1021 3509 1145 3588; x_wconf 74' lang='lat' dir='ltr'>crimen,</span> <span class='ocrx_word' id='word_1_277' title='bbox 1166 3523 1191 3577; x_wconf 90' lang='lat' dir='ltr'>si</span> <span class='ocrx_word' id='word_1_278' title='bbox 1212 3523 1352 3576; x_wconf 87' lang='lat' dir='ltr'>christia·</span> 
     </span>
     <span class='ocr_line' id='line_1_33' title="bbox 178 3613 1351 3683; baseline 0 -17"><span class='ocrx_word' id='word_1_279' title='bbox 178 3613 209 3666; x_wconf 91' lang='lat' dir='ltr'>ni</span> <span class='ocrx_word' id='word_1_280' title='bbox 230 3622 310 3678; x_wconf 85' lang='lat' dir='ltr'>sunt,</span> <span class='ocrx_word' id='word_1_281' title='bbox 331 3629 399 3675; x_wconf 88' lang='lat' dir='ltr'>cum</span> <span class='ocrx_word' id='word_1_282' title='bbox 431 3613 554 3683; x_wconf 89' lang='lat' dir='ltr'>superbi</span> <span class='ocrx_word' id='word_1_283' title='bbox 580 3613 810 3682; x_wconf 85' lang='lat' dir='ltr'>impugnatores</span> <span class='ocrx_word' id='word_1_284' title='bbox 831 3615 966 3666; x_wconf 87' lang='lat' dir='ltr'>existant</span> <span class='ocrx_word' id='word_1_285' title='bbox 987 3613 1155 3667; x_wconf 88' lang='lat' dir='ltr'>cuiuslibet</span> <span class='ocrx_word' id='word_1_286' title='bbox 1174 3619 1351 3682; x_wconf 69' lang='lat' dir='ltr'>supernata</span> 
     </span>
     <span class='ocr_line' id='line_1_34' title="bbox 173 3702 1354 3772; baseline -0.002 -14"><span class='ocrx_word' id='word_1_287' title='bbox 173 3703 252 3758; x_wconf 88' lang='lat' dir='ltr'>ralis</span> <span class='ocrx_word' id='word_1_288' title='bbox 281 3703 407 3768; x_wconf 79' lang='lat' dir='ltr'>ordinis,</span> <span class='ocrx_word' id='word_1_289' title='bbox 441 3702 640 3757; x_wconf 87' lang='lat' dir='ltr'>revelationis</span> <span class='ocrx_word' id='word_1_290' title='bbox 661 3703 849 3757; x_wconf 81' lang='lat' dir='ltr'>christianae</span> <span class='ocrx_word' id='word_1_291' title='bbox 870 3709 923 3756; x_wconf 90' lang='lat' dir='ltr'>se&#39;u</span> <span class='ocrx_word' id='word_1_292' title='bbox 944 3703 1103 3756; x_wconf 79' lang='lat' dir='ltr'>Ecclesiae</span> <span class='ocrx_word' id='word_1_293' title='bbox 1123 3703 1191 3769; x_wconf 87' lang='lat' dir='ltr'>Dei,</span> <span class='ocrx_word' id='word_1_294' title='bbox 1212 3710 1259 3757; x_wconf 91' lang='lat' dir='ltr'>est</span> <span class='ocrx_word' id='word_1_295' title='bbox 1288 3704 1354 3772; x_wconf 89' lang='lat' dir='ltr'>ple-</span> 
     </span>
     <span class='ocr_line' id='line_1_35' title="bbox 178 3791 1351 3862; baseline -0.002 -15"><span class='ocrx_word' id='word_1_296' title='bbox 178 3793 286 3848; x_wconf 90' lang='lat' dir='ltr'>nitudo</span> <span class='ocrx_word' id='word_1_297' title='bbox 306 3792 443 3846; x_wconf 89' lang='lat' dir='ltr'>haeresis</span> <span class='ocrx_word' id='word_1_298' title='bbox 463 3799 491 3845; x_wconf 91' lang='lat' dir='ltr'>et</span> <span class='ocrx_word' id='word_1_299' title='bbox 512 3791 695 3859; x_wconf 87' lang='lat' dir='ltr'>apostasiae;</span> <span class='ocrx_word' id='word_1_300' title='bbox 713 3792 754 3846; x_wconf 84' lang='lat'>3.⁰</span> <span class='ocrx_word' id='word_1_301' title='bbox 772 3800 818 3844; x_wconf 89' lang='lat' dir='ltr'>est</span> <span class='ocrx_word' id='word_1_302' title='bbox 832 3809 934 3846; x_wconf 87' lang='lat' dir='ltr'>eorum</span> <span class='ocrx_word' id='word_1_303' title='bbox 947 3791 998 3862; x_wconf 94' lang='lat' dir='ltr'>qui</span> <span class='ocrx_word' id='word_1_304' title='bbox 1014 3791 1151 3846; x_wconf 87' lang='lat' dir='ltr'>ordinem</span> <span class='ocrx_word' id='word_1_305' title='bbox 1173 3800 1351 3861; x_wconf 87' lang='lat' dir='ltr'>supernatu-</span> 
     </span>
     <span class='ocr_line' id='line_1_36' title="bbox 177 3881 1353 3954; baseline -0.001 -18"><span class='ocrx_word' id='word_1_306' title='bbox 177 3883 236 3938; x_wconf 89' lang='lat' dir='ltr'>lem</span> <span class='ocrx_word' id='word_1_307' title='bbox 257 3893 287 3937; x_wconf 88' lang='lat' dir='ltr'>et</span> <span class='ocrx_word' id='word_1_308' title='bbox 310 3883 480 3936; x_wconf 81' lang='lat' dir='ltr'>Ecclesiam</span> <span class='ocrx_word' id='word_1_309' title='bbox 495 3881 610 3936; x_wconf 82' lang='lat' dir='ltr'>Christi</span> <span class='ocrx_word' id='word_1_310' title='bbox 625 3900 657 3937; x_wconf 90' lang='lat' dir='ltr'>se</span> <span class='ocrx_word' id='word_1_311' title='bbox 672 3881 793 3954; x_wconf 90' lang='lat' dir='ltr'>quidem</span> <span class='ocrx_word' id='word_1_312' title='bbox 808 3881 945 3936; x_wconf 85' lang='lat' dir='ltr'>fatentur</span> <span class='ocrx_word' id='word_1_313' title='bbox 959 3883 1082 3936; x_wconf 87' lang='lat' dir='ltr'>credere</span> <span class='ocrx_word' id='word_1_314' title='bbox 1098 3891 1188 3952; x_wconf 88' lang='lat' dir='ltr'>atque</span> <span class='ocrx_word' id='word_1_315' title='bbox 1203 3882 1353 3952; x_wconf 76' lang='lat' dir='ltr'>positivae</span> 
     </span>
     <span class='ocr_line' id='line_1_37' title="bbox 179 3967 1352 4038; baseline -0.003 -10"><span class='ocrx_word' id='word_1_316' title='bbox 179 3971 236 4028; x_wconf 91' lang='lat' dir='ltr'>Dei</span> <span class='ocrx_word' id='word_1_317' title='bbox 261 3979 291 4024; x_wconf 91' lang='lat' dir='ltr'>et</span> <span class='ocrx_word' id='word_1_318' title='bbox 311 3969 468 4024; x_wconf 81' lang='lat' dir='ltr'>Ecclesiae</span> <span class='ocrx_word' id='word_1_319' title='bbox 496 3970 589 4038; x_wconf 84' lang='lat' dir='ltr'>leges,</span> <span class='ocrx_word' id='word_1_320' title='bbox 611 3967 862 4038; x_wconf 58' lang='lat' dir='ltr'>privatae&#39;vitae</span> <span class='ocrx_word' id='word_1_321' title='bbox 891 3969 1083 4038; x_wconf 81' lang='lat' dir='ltr'>singulorum</span> <span class='ocrx_word' id='word_1_322' title='bbox 1116 3987 1250 4024; x_wconf 89' lang='lat' dir='ltr'>normam</span> <span class='ocrx_word' id='word_1_323' title='bbox 1285 3987 1352 4024; x_wconf 91' lang='lat' dir='ltr'>esse</span> 
     </span>
     <span class='ocr_line' id='line_1_38' title="bbox 174 4059 1353 4130; baseline -0.003 -14"><span class='ocrx_word' id='word_1_324' title='bbox 174 4061 356 4128; x_wconf 86' lang='lat' dir='ltr'>concedunt,</span> <span class='ocrx_word' id='word_1_325' title='bbox 378 4059 431 4114; x_wconf 88' lang='lat' dir='ltr'>sed</span> <span class='ocrx_word' id='word_1_326' title='bbox 453 4059 561 4114; x_wconf 88' lang='lat' dir='ltr'>iisdem</span> <span class='ocrx_word' id='word_1_327' title='bbox 588 4061 707 4114; x_wconf 80' lang='lat' dir='ltr'>Statum</span> <span class='ocrx_word' id='word_1_328' title='bbox 728 4067 834 4130; x_wconf 88' lang='lat' dir='ltr'>utpote</span> <span class='ocrx_word' id='word_1_329' title='bbox 856 4059 893 4112; x_wconf 93' lang='lat' dir='ltr'>ab</span> <span class='ocrx_word' id='word_1_330' title='bbox 913 4059 1073 4114; x_wconf 85' lang='lat' dir='ltr'>Ecclesiae</span> <span class='ocrx_word' id='word_1_331' title='bbox 1094 4059 1301 4113; x_wconf 86' lang='lat' dir='ltr'>moderamine</span> <span class='ocrx_word' id='word_1_332' title='bbox 1322 4068 1353 4113; x_wconf 87' lang='lat' dir='ltr'>et</span> 
     </span>
     <span class='ocr_line' id='line_1_39' title="bbox 174 4149 1090 4219; baseline 0 -15"><span class='ocrx_word' id='word_1_333' title='bbox 174 4149 346 4204; x_wconf 82' lang='lat' dir='ltr'>directione</span> <span class='ocrx_word' id='word_1_334' title='bbox 367 4149 630 4219; x_wconf 88' lang='lat' dir='ltr'>independentem,</span> <span class='ocrx_word' id='word_1_335' title='bbox 658 4168 716 4204; x_wconf 90' lang='lat' dir='ltr'>non</span> <span class='ocrx_word' id='word_1_336' title='bbox 737 4150 833 4204; x_wconf 91' lang='lat' dir='ltr'>teneri</span> <span class='ocrx_word' id='word_1_337' title='bbox 856 4149 1044 4202; x_wconf 87' lang='lat' dir='ltr'>contendunt</span> <span class='ocrx_word' id='word_1_338' title='bbox 1065 4169 1090 4204; x_wconf 84' lang='lat'>».</span> 
     </span>
    </p>
   </div>
   <div class='ocr_carea' id='block_1_4' title="bbox 248 4255 1054 4328">
    <p class='ocr_par' dir='ltr' id='par_1_6' title="bbox 248 4255 1054 4328">
     <span class='ocr_line' id='line_1_40' title="bbox 248 4255 1054 4328; baseline 0.001 -17"><span class='ocrx_word' id='word_1_339' title='bbox 248 4257 285 4323; x_wconf 75' lang='lat'>(3)</span> <span class='ocrx_word' id='word_1_340' title='bbox 305 4256 369 4312; x_wconf 83' lang='lat' dir='ltr'>Cfr.</span> <span class='ocrx_word' id='word_1_341' title='bbox 388 4259 627 4327; x_wconf 79' lang='lat' dir='ltr'>Montalcmbevt,</span> <span class='ocrx_word' id='word_1_342' title='bbox 647 4257 826 4328; x_wconf 88' lang='lat' dir='ltr'>opusculum</span> <span class='ocrx_word' id='word_1_343' title='bbox 847 4255 938 4310; x_wconf 88' lang='lat' dir='ltr'>huius</span> <span class='ocrx_word' id='word_1_344' title='bbox 959 4255 1054 4312; x_wconf 85' lang='lat' dir='ltr'>tituli.</span> 
     </span>
    </p>
   </div>
   <div class='ocr_carea' id='block_1_5' title="bbox 0 0 1622 4902">
    <p class='ocr_par' dir='ltr' id='par_1_7' title="bbox 0 0 1622 4902">
     <span class='ocr_line' id='line_1_41' title="bbox 0 0 1622 4902; baseline 0 0"><span class='ocrx_word' id='word_1_345' title='bbox 0 0 1622 4902; x_wconf 95' lang='lat' dir='ltr'> </span> 
     </span>
    </p>
   </div>
  </div>
 </body>
</html>
