3200 4890
311 340 365 402 ira

307 539 310 544 .
393 483 508 542 Datum
536 483 654 544 Romae
680 503 719 545 ex
740 484 835 544 Sacra
855 483 1102 561 Congregntiono
1124 501 1218 560 super
1234 482 1328 542 Statu
1350 480 1485 558 Regula-

311 581 393 640 rium
414 580 466 641 die
486 581 525 642 25
539 581 680 642 Ianuarii
703 582 789 646 1848.

981 697 1120 758 Annuus
1145 696 1223 758 Ocu.
1244 696 1412 754 Burnum

1100 797 1127 856 A
1147 793 1284 856 Socratis.

398 999 503 1059 Nora,
525 1035 564 1046 -
585 1003 644 1082 Eur
653 1004 827 1086 huiusmodi
839 1003 971 1061 duorum
986 1003 1181 1060 Deci-storum
1196 1011 1296 1061 unare
1311 1001 1397 1058 clare
1409 1005 1485 1078 pau

312 1102 394 1174 quod
412 1103 555 1178 primum
569 1103 680 1176 obliqui
691 1102 915 1175 univeraliter,
928 1102 1173 1178 etertlcpcndum
1183 1103 1225 1158 ud
1239 1101 1401 1179 publicam
1408 1117 1486 1158 mru-

317 1216 385 1256 ram
400 1200 530 1278 quislibet
539 1218 622 1259 uarro
632 1203 666 1260 in
677 1201 808 1279 sinpulir
817 1199 965 1258 Domibus
977 1201 1140 1278 Reliqicsis
1150 1201 1198 1257 die
1206 1201 1315 1276 prima
1329 1201 1487 1274 Ianuaria}

312 1299 443 1356 alterum
470 1317 538 1356 vero
558 1301 670 1374 obliqui
683 1304 804 1358 tautum
814 1316 875 1376 pro
889 1299 986 1356 italia
999 1303 1027 1355 ei
1043 1297 1156 1357 Inculta
1170 1298 1391 1366 adiacentibus,
1405 1301 1433 1354 ct
1445 1297 1489 1354 on

311 1396 469 1468 rependum
489 1398 523 1454 in
545 1414 636 1466 auno,
658 1397 769 1454 scilicet
798 1397 847 1452 dic
866 1397 973 1470 prima
993 1395 1128 1454 Ianuari
1146 1399 1173 1451 ct
1193 1389 1366 1452 Dominio&
1380 1396 1488 1476 prjimu

310 1498 422 1550 mansis
444 1495 530 1566 Iulii,
551 1495 662 1572 absque
683 1499 785 1554 tamen
806 1493 1082 1568 Declarationibus,
1104 1510 1181 1570 quac
1201 1499 1384 1569 sequuntur.

668 1965 1136 2043 DECLARATIONES

307 2195 340 2249 A
354 2193 409 2249 SS.
423 2193 614 2250 Domino'N.
629 2193 690 2248 Pio
702 2193 770 2248 ΡΡ.
782 2193 832 2248 IX
843 2193 1048 2264 approbatae
1061 2193 1104 2248 ad
1116 2191 1261 2250 Decreta
1284 2194 1490 2263 incipientia

386 2283 567 2340 <Romani
594 2281 813 2339 Pontifices»
837 2286 870 2338 et
902 2281 1103 2353 «nequiori
1126 2277 1376 2352 Disciplinaa»
1409 2297 1431 2338 a
1455 2282 1490 2338 S.

383 2371 645 2444 Congreqatione
674 2385 777 2442 super
808 2371 906 2426 Statu
931 2369 1155 2441 Regularium
1175 2369 1265 2425 edita
1284 2369 1337 2425 die
1362 2369 1491 2426 251a-

381 2461 498 2516 nuarii
519 2458 619 2516 1848.

882 2637 909 2697 I·
1009 2713 1012 2716 .

308 2845 525 2896 Declarationea
553 2861 638 2910 super
665 2848 784 2896 Decreto
812 2863 827 2894 c
847 2845 971 2895 Romani
997 2845 1151 2895 Pontifices
1171 2860 1187 2892 »
1216 2844 1323 2908 ubique
1355 2844 1489 2894 locorum

382 2936 532 2986 servando.

390 3110 416 3168 1.
437 3110 489 3168 An
510 3109 666 3169 sufficiant
688 3109 926 3170 Testimoniales
941 3109 1033 3168 datae
1055 3109 1094 3168 ab
1118 3107 1297 3168 Ordinariis
1318 3127 1376 3185 per
1399 3110 1486 3170 litte-

310 3226 361 3266 ras
383 3210 545 3286 privatas?

391 3309 481 3382 Hesp.
502 3305 709 3365 Affirmative.

389 3406 417 3464 2.
439 3405 554 3464 Utrum
576 3403 732 3463 sufficiant
763 3403 1011 3480 Testimoniales‚
1043 3406 1077 3462 in
1105 3403 1217 3477 quibus
1239 3402 1404 3466 Ordinarii
1426 3426 1487 3465 non

309 3508 468 3562 testantur
489 3505 522 3561 in
544 3505 646 3579 specie
667 3501 767 3560 de.iis
789 3503 941 3577 omnibus
963 3519 1042 3578 quae
1063 3503 1097 3559 in
1108 3501 1240 3560 Decreto
1255 3505 1392 3563 Romani
1406 3507 1487 3564 Pon·
1577 3499 1578 3530 ¹

308 3604 401 3676 tifices
422 3601 689 3678 praescribuntur,
710 3599 765 3658 aad
787 3599 951 3658 dumtaxat
972 3603 1005 3658 in
1025 3617 1140 3675 genere
1162 3597 1306 3660 referunt
1326 3601 1367 3661 de
1388 3603 1488 3678 quali-

265 3716 268 3722 ·
310 3699 429 3758 tatibus
451 3699 670 3758 Postulantis?

390 3799 479 3872 Rarp.
501 3797 552 3854 Ad
573 3797 601 3855 2.
622 3795 828 3873 Affirmative,
850 3795 904 3854 sed
922 3815 940 3853 a
957 3795 1177 3872 Superioribus
1191 3795 1409 3872 Regularibus
1423 3818 1488 3858 ser-
1576 3849 1577 3894 ζ

309 3899 425 3953 ventur
445 3894 507 3951 alia
528 3893 566 3951 de
588 3896 655 3952 iure
678 3893 832 3953 servanda
854 3892 892 3951 ad
914 3893 1056 3970 singulus
1070 3893 1240 3968 qualitates
1251 3894 1488 3956 Postulantiurn

308 3992 547 4068 cognoscendas,

389 4092 417 4150 3.
440 4089 524 4164 Quid
539 4089 692 4166 agendum
709 4093 737 4149 si
752 4088 912 4149 Ordinarii
927 4088 1136 4165 respondeant
1157 4109 1190 4148 se
1206 4089 1415 4154 Postulantes
1429 4113 1489 4152 non

308 4189 496 4265 agnoscere?
