3234 4902
298 285 346 340 '76

296 424 401 490 -enim
434 424 551 510 poenis
585 423 654 490 suis
682 424 869 490 haereticos
892 447 960 491 non
983 425 1209 512 persequitur,
1244 447 1353 510 neque
1378 424 1483 490 ullam

309 530 578 598 iurisdictionem
601 531 638 597 in
661 531 751 618 ipsos
775 538 909 600 exercet
933 536 992 616 (1).

399 641 453 704 84.
471 639 589 704 Status
601 646 715 704 autem
726 638 934 706 acatholicus
947 639 1159 725 (haereticus,
1174 639 1419 722 schismaticus,
1433 636 1482 702 in·

294 744 481 830 differens,
506 744 732 828 rationalista)
756 745 909 832 legitime
930 769 1056 832 negare
1080 747 1200 832 nequit
1238 745 1415 811 Ecclesiae
1431 743 1485 809 ius

308 852 351 918 ad
365 851 582 918 existentiam
608 861 642 917 et
659 854 885 939 apostolatum
909 857 965 936 (2);
983 877 1063 920 nam
1079 853 1215 939 exigere
1234 876 1302 919 non
1316 859 1428 938 potest
1446 858 1486 915 ut

297 959 368 1025 alii
392 983 470 1026 eum
493 959 641 1026 habeant
663 961 890 1043 infallibilem3
906 963 1049 1047 ideoque
1065 962 1168 1028 etiam
1184 962 1281 1028 iuxta
1298 961 1371 1026 eius
1390 959 1485 1046 prin·

309 1065 408 1152 cipia,
433 1067 576 1134 iuridice
592 1067 751 1153 possibile
774 1077 825 1134 est
847 1068 974 1134 veritas
989 1076 1057 1134 stet
1072 1069 1109 1135 in
1125 1068 1291 1135 catholica
1307 1067 1484 1153 religione.
1596 1105 1597 1114 κ

308 1171 426 1258 Igitur
448 1174 614 1240 sacerdoti
638 1174 804 1242 catholico
825 1175 966 1242 libertas
993 1177 1206 1242 concedenda
1242 1175 1280 1240 in
1303 1197 1363 1240 suo
1387 1173 1487 1240 mini·
1596 1201 1597 1208 ¹

297 1280 420 1366 sterio,
445 1289 480 1346 et
503 1281 637 1348 subdito
672 1281 837 1348 catholico
860 1282 897 1348 in
919 1283 1127 1368 professione
1158 1282 1249 1350 fidei.
1275 1283 1323 1348 Et
1355 1280 1488 1367 pariter

298 1387 427 1454 'Status
450 1389 641 1454 Ecclesiam
663 1398 702 1455 ut
725 1412 902 1476 personam
919 1391 1080 1456 moralem
1103 1413 1262 1476 capacem
1277 1389 1485 1476 possidendi,

295 1516 498 1580 agnoscere,
522 1503 557 1562 et
579 1496 759 1563 defendere
782 1497 896 1564 omnia
917 1496 991 1562 eius
1004 1497 1081 1563 iura
1104 1496 1279 1582 quaesibi
1302 1495 1485 1562 asserenda

308 1608 408 1688 putat
430 1609 470 1666 ut
492 1601 651 1688 religiosa
673 1603 824 1688 societas,
848 1604 958 1685 debet,
983 1627 1044 1668 nec
1066 1603 1138 1669 eius
1162 1601 1400 1690 propagationi
1425 1603 1486 1668 ad-

305 1707 447 1792 versari,
471 1732 533 1774 nec
550 1710 671 1794 punire
691 1717 905 1776 transeuntes
928 1711 971 1774 ad
984 1709 1187 1776 catholicam
1203 1709 1405 1795 religionem
1421 1709 1486 1798 (3).

797 1953 799 1956 ·
851 1959 942 2039 en.

787 2106 857 2153 Cum
877 2103 1006 2152 infideli.

397 2283 451 2346 85.
476 2280 573 2346 Licet
604 2281 745 2346 societas
761 2277 951 2344 infidelium
968 2279 1013 2343 sit
1029 2278 1163 2364 penitus
1180 2285 1342 2344 extranea
1360 2279 1403 2343 ab
1418 2281 1486 2345 Ec-

298 2386 420 2472 clesia,
445 2394 561 2452 tamen
578 2395 612 2452 et
628 2394 736 2452 status
760 2383 906 2450 infidelis
921 2407 1046 2470 negare
1061 2407 1129 2451 non
1152 2393 1264 2470 potest
1276 2383 1486 2471 possibilita-

308 2501 377 2559 tem
393 2493 611 2559 revelationis
622 2517 684 2558 nec
700 2493 963 2578 repugnantiam
980 2515 1117 2558 cernere
1131 2491 1223 2556 inter
1238 2516 1314 2558 eam
1337 2498 1371 2557 et
1389 2493 1487 2578 leges

307 2608 460 2666 naturae.
501 2601 596 2686 Ergo
631 2599 797 2686 impedire
820 2597 940 2686 nequit
962 2604 1143 2684 quominus
1166 2598 1287 2684 religio
1315 2598 1487 2666 catholica

305 2729 343 2772 se
366 2705 403 2772 in
426 2705 638 2772 territorium
662 2706 832 2790 extendat,
857 2727 919 2770 nec
934 2704 1057 2790 punire
1073 2704 1145 2770 eius
1161 2704 1314 2786 asseclas,
1339 2705 1397 2768 sed
1414 2705 1487 2772 imo

296 2836 349 2878 -ex
362 2813 436 2897 lege
460 2813 598 2898 quidem
621 2811 770 2878 naturali
793 2812 888 2876 illam
917 2810 1173 2877 associationem
1196 2812 1284 2875 sicut
1322 2821 1357 2876 et
1397 2811 1485 2878 alias

306 2925 496 3005 protegere.

322 3039 330 3058 ⁰
397 3027 453 3092 Ex
474 3026 528 3092 his
550 3025 704 3111 sequitur
727 3025 917 3092 Ecclesiam
940 3026 1106 3092 indirecte
1138 3027 1241 3092 etiam
1264 3032 1300 3091 vi
1324 3025 1485 3092 defende-

369 3278 416 3343 ll)
437 3275 499 3332 Cfr.
528 3277 661 3345 Aichner,
690 3294 737 3346 op.
757 3277 810 3332 cit.
828 3274 848 3349 ξ
867 3277 928 3342 208,
949 3294 977 3332 n.
996 3279 1023 3344 23
1043 3278 1313 3346 Schmulzprueber,
1335 3276 1383 3332 tit.
1405 3277 1431 3347 7,
1453 3296 1483 3333 n.
1593 3273 1594 3334 i

309 3366 444 3434 171-174;
464 3363 664 3432 Reiffeastuel‚
685 3365 743 3425 lib.
760 3368 784 3432 1,
804 3368 853 3432 tir,
873 3368 899 3432 2,
919 3385 950 3422 n.
970 3366 1029 3420 174.

378 3457 416 3522 (2)
436 3455 503 3510 Hoc
523 3462 735 3527 praeterquam
765 3456 961 3525 inexpressa
989 3456 1148 3510 voluntate
1179 3454 1293 3510 Christi
1325 3477 1341 3508 a
1362 3457 1482 3511 Euntes

307 3546 483 3620 praedicate
504 3553 620 3602 etc...»
644 3553 673 3601 et
693 3547 724 3600 in
745 3546 817 3600 aliis
836 3546 1021 3616 theologicis
1040 3531 1223 3612 rationibus,
1243 3545 1362 3614 nititur,
1382 3551 1417 3600 ut
1437 3547 1482 3600 sit

313 3639 434 3702 Walter,
455 3635 537 3690 Man.
558 3635 614 3691 iur.
634 3636 707 3692 eccl.
726 3636 809 3692 univ.
829 3634 848 3708 ξ
867 3635 910 3701 40,
931 3636 961 3688 in
982 3635 1127 3689 libertate
1148 3635 1228 3690 vitae
1249 3636 1427 3705 religiosae,
1447 3644 1482 3691 ut
1592 3685 1593 3692 ,

296 3725 501 3782 corollarium
523 3732 649 3780 naturae
681 3725 842 3796 humanae,
863 3725 893 3779 in
914 3724 1097 3780 diversitate
1129 3725 1317 3780 obiectorum
1350 3725 1479 3781 duarum
1592 3711 1593 3740 ³

306 3821 506 3888 potestatum,
522 3813 552 3868 in
575 3814 713 3868 doctrina
732 3815 854 3870 debitae
874 3814 1069 3868 obedientiae
1083 3813 1260 3869 auctoritati
1281 3813 1478 3883 constitutae,

306 3905 339 3960 iu
356 3899 546 3960 'necessitate
566 3904 729 3974 religionis
748 3903 778 3958 in
791 3904 889 3971 Statu,
914 3904 944 3958 iu
966 3903 1181 3958 aestimatione
1203 3921 1293 3974 quam
1315 3904 1479 3975 acquirunt

295 4012 412 4050 «omues
432 3994 539 4050 civiles
562 3995 702 4050 virtutes.
1591 4039 1592 4044 ,

378 4088 415 4152 (3)
437 4084 498 4140 afr.
525 4088 657 4152 Aichner,
690 4104 738 4157 cp.
762 4086 813 4141 cit.
832 4084 851 4158 ξ
869 4087 913 4152 41,
940 4087 974 4152 23
1003 4087 1185 4157 DeAnyelis,
1216 4104 1261 4155 op.
1282 4085 1332 4141 cit.
1353 4103 1420 4158 app.
1441 4088 1479 4142 ad
1591 4073 1592 4159 l

304 4175 349 4230 lib
379 4174 402 4240 I,
422 4189 496 4244 pag.
516 4175 574 4230 117.
594 4175 671 4229 Vide
691 4174 783 4229 etiam
805 4175 902 4247 Alleo.
922 4177 968 4231 Pii
988 4177 1044 4244 IX,
1063 4176 1080 4229 9
1100 4173 1182 4229 lucii
1206 4177 1283 4231 1862.
