3198 4898
293 343 347 400 286

292 467 420 534 Civilia
443 467 471 533 si
496 466 729 533 benedictione
751 474 868 533 carent
890 474 924 532 et
958 466 1114 534 omnibus
1148 467 1341 534 hominibus
1374 468 1465 534 indi·

292 573 518 642 scriminatim
542 581 622 639 sunt
644 573 814 640 destinata
837 577 890 656 (1).

383 683 456 747 117.
481 681 539 746 Ius
569 681 697 746 habent
729 681 773 746 ad
808 681 1070 748 ecclesiasticam
1104 682 1316 769 sepulturam
1350 704 1466 748 omnes

292 789 331 854 in
353 787 588 854 communime
610 786 764 854 fidelium
784 787 937 856 defuncti
961 789 1029 856 nisi
1050 789 1093 856 ab
1115 789 1188 856 iure
1227 789 1464 856 excludantur.

294 923 314 958 e
337 897 454 980 Nemo,
478 893 603 960 statuit
624 893 696 978 Bit.
721 894 833 979 Rom,
855 895 1065 964 christianus
1088 896 1132 964 in
1159 896 1394 964 communione
1426 896 1465 962 fi-

291 1001 420 1068 delium
443 1000 635 1085 defunctus,
659 1007 757 1065 extra
779 999 956 1067 ecclesiam
978 1003 1033 1068 vel
1058 1002 1299 1070 coemeterium
1321 1002 1392 1069 rite
1411 1001 1466 1066 bc-

291 1109 465 1176 nedictum
487 1106 622 1193 sepeliri
646 1106 747 1172 debet
769 1134 787 1168 ›
814 1107 863 1172 Et
888 1135 907 1168 ‹
942 1107 1011 1174 Ubi
1035 1109 1131 1196 viget
1154 1111 1296 1198 antiqua
1328 1131 1465 1176 consue·

292 1217 375 1284 tudo
397 1213 581 1301 sepeliendi
615 1220 765 1280 mortuos
802 1213 840 1278 in
874 1213 1074 1282 coemeterio
1097 1217 1296 1300 retineatur,
1336 1227 1371 1282 et
1404 1218 1465 1285 ubi

291 1325 362 1391 fieri
385 1329 506 1410 potest,
529 1319 773 1386 restituatur»
798 1323 855 1402 (2).

381 1411 547 1496 Privandi
570 1434 651 1493 sunt
672 1448 741 1492 non
764 1426 938 1513 baptizati,
963 1437 1147 1516 apostatae,
1177 1432 1342 1499 haeretici
1377 1433 1462 1498 schi-

291 1537 426 1608 smatici
460 1534 595 1620 notorii,
631 1534 878 1600 excomunicati
917 1535 1051 1604 vitandi
1090 1539 1180 1621 (nisi
1218 1540 1465 1608 absolutionem

292 1644 526 1726 obtinuerint),
551 1640 701 1708 suioidae
726 1639 804 1724 (nisi
840 1643 964 1709 mentis
998 1644 1115 1732 inopes
1149 1647 1281 1714 fuerint
1305 1649 1394 1733 quod
1427 1649 1467 1714 in

291 1753 396 1820 dubio
420 1773 552 1838 semper
574 1745 818 1835 praesumitur)
842 1751 901 1834 (3),
926 1751 1026 1818 occisi
1051 1753 1087 1819 in
1119 1755 1241 1841 duella
1282 1757 1346 1821 etsi
1383 1763 1464 1822 ante

291 1869 436 1929 mortem
458 1858 557 1944 signa
579 1853 735 1920 dederint
758 1855 987 1940 poenitentiae
1010 1868 1075 1928 eto.
1101 1863 1146 1946 (4)

382 1968 507 2035 Contra
530 1963 697 2054 violantes
719 1960 774 2027 ius
798 1965 993 2048 sepulturae
1016 1969 1285 2036 excomunicatio
1315 1969 1466 2036 decerni-

292 2084 350 2142 tur
372 2078 446 2165 ipso
469 2077 562 2142 facto
584 2067 789 2137 incurrendo
812 2093 845 2136 n.
870 2093 898 2137 r.
921 2079 967 2158 (b)

292 2305 524 2376 catholicorum)
552 2303 742 2369 coemeteria,
772 2311 836 2356 turn
856 2319 980 2372 propria
999 2305 1183 2358 auctoritate
1211 2303 1368 2359 iudicandi
1400 2305 1464 2377 qui·

292 2411 362 2448 narn
382 2395 413 2448 in
433 2412 488 2450 sno
514 2392 697 2449 coemeterio
719 2391 877 2463 sepultura
906 2391 979 2445 eccl.
998 2391 1064 2446 sint
1083 2392 1228 2460 donandi,
1247 2393 1371 2464 quinam
1393 2409 1465 2446 vero

292 2501 329 2539 ea
348 2484 497 2555 privandi.

362 2594 399 2660 ll)
421 2593 479 2646 Per
499 2610 648 2648 summam
667 2589 794 2664 proinde
825 2589 1018 2658 iniustitiam,
1046 2589 1091 2644 ait
1111 2592 1295 2662 Dedapalu,
1317 2590 1383 2660 (lib.
1403 2591 1462 2657 Ill,

293 2684 342 2738 tit.
360 2685 404 2752 28,
429 2683 465 2737 de
485 2682 608 2754 sepult.)
637 2687 737 2735 status
757 2679 865 2734 civiles
894 2686 925 2734 et
953 2678 1122 2751 municipia
1149 2687 1330 2734 construunt
1351 2697 1466 2735 coeme-

292 2774 370 2828 teria
391 2772 436 2826 sic
455 2772 537 2826 dicta
557 2775 656 2828 civilia
685 2771 733 2824 vel
753 2771 963 2838 municipiolia
985 2769 1016 2822 in
1039 2769 1150 2840 quibus
1169 2769 1304 2822 omnium
1333 2776 1464 2824 mortno·

292 2880 355 2916 rum
384 2863 533 2917 cadavera
562 2862 628 2916 sine
657 2861 720 2916 ullo
743 2859 912 2929 religionis
932 2859 1110 2914 discrimine
1142 2861 1323 2916 conduntur.

365 2951 423 3005 Sed
449 2951 474 3004 si
495 2949 669 3005 huiusmodi
690 2948 872 3003 coemeteria
886 2947 1003 3002 fuerint
1019 2947 1188 3016 benedicta,
1200 2949 1360 3003 Ecclesiae
1376 2949 1464 3004 iuris·

290 3040 417 3095 dictioni
445 3057 503 3092 non
519 3045 647 3109 possunt
667 3035 805 3091 subduci.

364 3149 403 3216 (a)
423 3146 518 3202 rue
547 3163 571 3199 a
591 3147 615 3212 1,
635 3163 665 3201 n.
683 3146 708 3199 a.

363 3254 404 3326 (8)
425 3275 440 3306 e
460 3253 523 3310 Ubi
557 3251 666 3308 medici
701 3251 876 3307 censuerint
903 3253 1056 3307 hominem
1089 3251 1194 3306 morbo
1214 3251 1402 3306 laboravisse
1421 3271 1461 3306 ra·

291 3344 387 3399 tionis
407 3361 494 3398 usum
515 3341 740 3414 praepediente,
760 3359 864 3396 eorum
884 3341 998 3396 iudicio
1018 3341 1160 3396 standum
1174 3341 1241 3402 erit,
1262 3341 1322 3395 nisi
1339 3341 1461 3396 circum·

292 3439 425 3488 stantiae
457 3451 494 3486 ex
514 3431 634 3503 quibus·
648 3449 715 3486 eum
737 3431 847 3486 mentis
868 3441 1036 3502 compotem
1056 3430 1153 3485 fuisse
1174 3429 1284 3484 merito
1305 3431 1461 3500 colligere-

292 3530 349 3590 tur,
369 3522 458 3593 plene
477 3521 623 3592 probatae
643 3527 746 3575 essent
766 3539 791 3574 ».
822 3524 995 3588 Ρεηπαεσήἱ,
1026 3521 1140 3576 Ocmm.
1169 3519 1210 3580 ΙΙ,
1231 3537 1259 3589 p.
1286 3520 1330 3586 97,
1360 3529 1422 3576 not.
1439 3519 1462 3576 l.

292 3611 387 3666 Recte
408 3628 489 3681 ergo,
510 3609 627 3665 iudicat
649 3611 896 3680 (lurp-Ballerr'nr'
916 3628 944 3664 n.
965 3610 1044 3679 1013,
1064 3608 1330 3688 agendumbacin
1352 3627 1383 3664 re
1398 3626 1462 3664 esse

292 3699 379 3754 iuxta
398 3699 582 3772 principium
608 3719 624 3750 «
650 3699 680 3751 in
702 3698 794 3752 dubio
814 3699 884 3752 odia
908 3705 979 3753 sunt
999 3697 1214 3768 restringenda
1233 3716 1259 3752 a.
1279 3698 1356 3753 Cum
1375 3698 1464 3758 enim.

292 3789 345 3856 ait,
370 3788 560 3844 incommoda
579 3806 699 3858 magna,
719 3787 833 3842 nostris
853 3786 1036 3859 praesertim
1055 3787 1254 3859 temporibus,
1275 3806 1312 3842 ex
1333 3788 1463 3858 denega·

291 3879 375 3934 tione
395 3878 570 3948 sepulturae
590 3877 663 3931 oriri
684 3878 811 3945 soleant,
832 3878 955 3949 expedit
974 3883 1008 3932 ut
1029 3875 1104 3931 talis
1133 3877 1298 3946 denegatio
1322 3895 1382 3931 non
1402 3877 1463 3946 fiat,

291 3968 353 4023 nisi
373 3969 410 4022 de
431 3968 497 4022 eius
517 3966 709 4037 obligatione
729 3975 811 4020 certo
832 3973 959 4022 constet.

363 4077 403 4143 (4)
424 4075 590 4146 Receptum
610 4080 711 4128 tamen
733 4081 780 4128 est
799 4080 835 4128 ut
848 4075 1021 4128 duellantes
1033 4073 1192 4145 priventur
1210 4074 1375 4150 sepultura
1393 4075 1464 4129 ecel.

290 4167 318 4223 si
338 4167 526 4222 decesserint
547 4163 577 4218 in
598 4164 664 4217 loco
684 4162 854 4218 conflictus.
880 4162 943 4219 cfr.
963 4164 993 4219 S.
1012 4164 1045 4219 O.
1064 4162 1182 4234 Inquie.
1209 4164 1245 4218 2ss
1273 4163 1350 4218 Maii
1379 4163 1460 4230 1884;

291 4259 414 4323 Nasoni,
435 4271 481 4325 op.
502 4253 553 4308 cit.
575 4253 613 4321 ΙΙ,
633 4270 662 4324 p.
680 4253 743 4320 205,
762 4259 833 4320 not.;
852 4255 894 4307 M.
913 4254 1063 4320 DeLuca,
1084 4253 1104 4307 1.
1123 4269 1148 4308 c.
1167 4269 1196 4307 n.
1214 4252 1275 4309 388.

363 4365 399 4430 (5)
412 4361 475 4418 Ofr.
487 4365 622 4431 Pietate,
631 4360 687 4418 h.l.
698 4367 728 4416 et
738 4360 934 4430 D’Annr'bale,
945 4377 973 4416 n.
986 4361 1046 4429 159;
1058 4362 1232 4427 Lambardi,
1243 4377 1270 4416 o.
1281 4377 1306 4416 c.
1318 4359 1364 4430 II,
1378 4377 1406 4416 n.
1415 4359 1466 4415 623
