3198 4898
344 337 401 394 3011

346 461 460 527 stituti
497 461 534 528 in
568 463 685 528 eadem
720 464 858 531 ecclesia
892 464 1055 531 saeculari
1079 466 1133 530 vel
1156 465 1306 551 regulari
1329 465 1464 532 institui
1485 472 1513 529 et

347 570 532 656 aggregari
556 563 668 656 potest
690 575 744 655 (1).

438 677 484 742 ΙΙ.
510 679 553 742 In
587 678 734 744 ecclesiis
768 679 823 744 vel
857 679 1013 745 oratoriis
1045 679 1243 746 monialium
1267 702 1335 746 non
1358 679 1513 744 111111111-

345 784 478 868 gendae
502 786 563 867 (2);
588 794 697 868 neq'ue
721 783 859 870 expedit
881 784 919 850 in
941 785 1082 852 ecclesia
1105 784 1390 852 communitatum
1406 784 1511 850 toeni-

347 911 470 956 narum
493 890 589 976 quasi
614 889 860 976 religiosarum.

437 997 501 1062 III.
528 995 578 1062 Ut
600 998 724 1064 erectio
754 999 891 1064 omnino
910 1001 1020 1084 pratis
1042 999 1103 1064 fiat
1139 1001 1198 1082 (3);
1236 998 1450 1084 permittitur
1471 1005 1511 1062 11-

345 1123 426 1167 men
450 1103 623 1168 moderata
645 1111 725 1168 taxa
748 1103 968 1170 camellariae
993 1106 1049 1188 (4).

439 1212 512 1277 132.
538 1209 654 1288 Quoad
693 1210 844 1296 regimen
878 1211 1079 1277 adnotamus
1102 1212 1191 1297 quod
1214 1233 1411 1297 supremum
1443 1209 1510 1274 resi-

296 1348 299 1356 ·
345 1316 406 1382 det
429 1337 531 1401 penes
556 1315 763 1402 Episcopum
789 1317 852 1382 loci
878 1313 936 1403 qui
960 1318 1013 1383 ius
1036 1319 1139 1384 habet
1161 1341 1229 1384 non
1252 1319 1362 1384 solum
1386 1340 1443 1382 aas
1465 1338 1511 1401 ap-

346 1424 513 1509 probandi
549 1432 583 1489 et
611 1423 775 1510 erigendi,
800 1427 856 1490 sed
879 1425 982 1492 etiam
1006 1427 1227 1492 confirmandi
1251 1433 1285 1492 et
1308 1424 1463 1490 mutandi
1484 1429 1511 1487 et

346 1529 540 1615 corrigendi
575 1539 704 1596 statuta
728 1535 783 1616 (11),
815 1532 992 1598 assistendi
1017 1556 1135 1619 perse
1158 1541 1219 1599 aut
1242 1556 1303 1619 per
1327 1533 1511 1616 delegatum

346 1633 493 1698 comitiis
516 1640 551 1698 et
578 1633 742 1700 visitandi
766 1642 840 1700 tum
864 1636 973 1720 quoad
990 1635 1319 1702 administrationem
1346 1635 1509 1708 bonorum,

349 1748 421 1804 turn
446 1740 556 1824 quoad
568 1740 699 1804 cultum
722 1747 756 1806 et
780 1749 977 1807 ornamenta
1000 1743 1118 1808 altaris
1141 1766 1200 1808 seu
1224 1741 1398 1828 cappellae
1422 1748 1511 1823 atque

345 1841 543 1912 divinorum
578 1847 766 1912 officiorum
789 1850 843 1934 (6);
878 1852 1109 1916 immediatum
1144 1851 1235 1938 apud
1271 1859 1438 1916 rectorem
1461 1868 1512 1911 seu

419 2059 458 2127 (1)
479 2059 612 2114 Possunt
640 2067 742 2116 tamen
775 2064 805 2115 in
835 2063 940 2116 eadam
973 2063 1104 2116 ecclesia
1124 2064 1227 2133 plures
1247 2061 1510 2118 confraternitates

348 2149 462 2206 diversi
484 2150 568 2204 tituli
601 2150 722 2205 institui
743 2169 790 2208 ax.
811 2153 1130 2222 ι(111118811011110
1151 2159 1181 2208 et
1201 2154 1237 2208 de
1258 2155 1291 2208 Β.
1313 2153 1414 2208 Corde
1433 2154 1466 2207 Β.
1482 2150 1510 2204 V.

348 2239 389 2294 M.
410 2237 571 2294 Osanna
596 2239 735 2308 111,613.
1047 2245 1049 2250 '

356 2351 358 2355 ‘
419 2343 458 2418 (2)
478 2347 506 2402 8.
525 2346 559 2402 0.
578 2346 641 2402 En.
661 2361 691 2402 et
714 2347 829 2403 111122
848 2349 928 2420 Aug.
952 2350 1226 2404 189111111111111111
1246 2369 1262 2402 1
1281 2350 1349 2405 Non
1370 2349 1469 2420 placet
1486 2345 1508 2399 S·

347 2435 600 2508 Congregationi,
629 2443 663 2492 ut
695 2437 724 2491 in
747 2439 942 2493 monasteriis
962 2439 1140 2494 monialium
1161 2439 1218 2494 sub
1239 2438 1346 2511 quovis
1367 2437 1457 2492 titulo
1477 2437 1510 2488 in·

348 2525 518 2580 stituantur
538 2525 809 2582 confraternitates
825 2529 978 2596 laicorum,
994 2529 1031 2583 111
1048 2529 1184 2584 tollenda
1196 2527 1432 2600 quamplurima,
1445 2540 1509 2598 quaa

350 2611 460 2669 exinde
475 2615 547 2669 oriri
562 2623 690 2686 possunt
704 2617 907 2684 incommoda;
920 2617 980 2672 imo
996 2617 1153 2690 praecipit,
1174 2627 1209 2671 ut
1222 2628 1341 2672 erectae
1362 2618 1509 2678 tollantur,

347 2717 436 2758 secus
456 2704 682 2760 transferantur
702 2725 727 2762 ».

419 2809 460 2881 (8)
483 2812 574 2868 crem.
597 2815 685 2881 VIII,
707 2813 811 2868 Const.
831 2833 844 2864 ‹
867 2816 1072 2886 Quaecumque
1092 2831 1116 2880 »,
1136 2811 1155 2885 ᾖ
1176 2813 1218 2868 11.

421 2919 463 2988 (4)
482 2918 562 2973 Olim
594 2926 623 2974 et
649 2920 798 2974 distantia
827 2919 865 2974 ab
885 2921 955 2974 aliis
974 2918 1283 2975 confraternitatibus
1313 2921 1450 2975 eiusdem
1467 2931 1507 2970 nc·

348 3005 441 3060 minis
461 3015 491 3060 et
511 3007 646 3062 instituti
669 3009 784 3063 servari
805 3008 948 3072 debebam
966 3015 999 3062 11
1019 3011 1076 3064 Leo
1095 3010 1193 3078 XIII,
1210 3009 1245 3063 31
1262 3009 1412 3064 taalenu
1433 3019 1508 3077 gene·

348 3097 457 3154 taliter
485 3099 615 3156 indulsit
634 3109 668 3154 ut
688 3100 958 3155 confraternitates
991 3100 1022 3154 in
1057 3101 1134 3155 locis
1161 3100 1345 3172 simpliciter
1365 3096 1507 3156 distinctis

350 3193 473 3258 possent
504 3187 591 3258 erigi,
620 3189 781 3243 dummodo
809 3187 896 3243 iuxta
927 3189 1038 3244 declar.
1058 3187 1086 3244 S.
1106 3189 1140 3245 G.
1160 3187 1227 3243 lnd.
1246 3189 1283 3243 20
1302 3189 1380 3242 Μ111
1403 3187 1466 3242 1896
1483 3183 1506 3235 in

348 3293 529 3348 unoquoque
544 3279 609 3332 loco
623 3277 687 3332 sive
708 3278 817 3350 oppido
831 3279 952 3350 propria
969 3278 1135 3332 haberetur
1150 3277 1302 3349 parochia.
1324 3277 1389 3334 cfr.
1413 3279 1505 3334 Weruz,

347 3365 407 3430 III,
428 3367 537 3423 11708.

420 3476 459 3546 (1)
479 3495 494 3526 1
509 3473 630 3530 Statuta
662 3473 811 3546 impertiri
832 3493 892 3530 non
910 3482 1046 3546 possunt,
1067 3475 1127 3530 nisi
1149 3493 1185 3530 ea
1204 3473 1289 3546 prius
1309 3475 1348 3529 ab
1371 3474 1503 3546 Episcopo

347 3563 530 3644 dioecesano
561 3563 734 3618 examinata
766 3574 796 3618 et
815 3582 867 3636 pro
888 3565 1007 3620 ratione
1029 3565 1087 3618 loci
1107 3565 1275 3636 approbata
1295 3563 1422 3631 fuerint,
1442 3573 1503 3633 quse

349 3651 552 3707 nihilominus
571 3653 707 3707 eiusdem
727 3654 871 3725 Episcopi
893 3655 1025 3724 decretis
1039 3673 1074 3708 ac
1088 3653 1290 3708 moderationi
1311 3662 1341 3708 at
1362 3648 1503 3708 correctio·

349 3742 381 3796 ni
402 3741 432 3796 in
453 3741 595 3796 omnibus
615 3759 732 3812 semper
752 3742 890 3798 subiecta
911 3751 1068 3798 remanent
1088 3766 1113 3800 ».
1132 3742 1238 3799 Const.
1257 3743 1308 3798 cit.
1329 3764 1345 3795 «
1362 3747 1503 3809 Quaecum-

346 3849 404 3905 que
424 3855 436 3881 >
460 3831 478 3902 β
499 3833 528 3889 ὅ.

422 3945 458 4010 (6)
485 3941 548 3998 crr.
579 3945 726 4008 Ferraria,
759 3960 785 3996 v.
814 3943 1063 4011 Confratcruduu
1089 3945 1197 3998 Bened.
1228 3943 1309 4009 XIV,
1338 3943 1416 3998 Dist.
1444 3940 1500 4002 1053

348 4036 535 4100 Mattheuccr',
562 4030 716 4087 Officiales
739 4031 841 4086 curiae
861 4032 934 4086 eccl.
954 4030 1101 4087 Officialis
1122 4031 1220 4103 quoad
1241 4031 1502 4090 confraternitates·

347 4127 391 4181 M.
410 4126 560 4190 Dc·Lucn,
581 4121 621 4188 II,
643 4140 670 4176 n.
690 4123 752 4177 382.
787 4122 829 4176 De
862 4121 1041 4176 visitatione
1068 4121 1213 4193 Episcopi
1231 4121 1501 4196 *confraternitatum

349 4213 379 4268 in
393 4213 533 4269 ecclesiis
548 4211 595 4267 vel
610 4210 752 4266 claustris
768 4207 976 4280 Regularium,
991 4211 1050 4266 iarn
1066 4211 1198 4266 vidimus
1211 4211 1265 4266 ubi
1280 4211 1326 4267 De
1341 4206 1502 4282 Religiosis-
