<?xml version="1.0" encoding="UTF-8"?>
<!DOCTYPE html PUBLIC "-//W3C//DTD XHTML 1.0 Transitional//EN"
    "http://www.w3.org/TR/xhtml1/DTD/xhtml1-transitional.dtd">
<html xmlns="http://www.w3.org/1999/xhtml" xml:lang="en" lang="en">
 <head>
  <title>
</title>
<meta http-equiv="Content-Type" content="text/html;charset=utf-8" />
  <meta name='ocr-system' content='tesseract 3.04.00' />
  <meta name='ocr-capabilities' content='ocr_page ocr_carea ocr_par ocr_line ocrx_word'/>
</head>
<body>
  <div class='ocr_page' id='page_1' title='image "./elementaiurisec00munegoog_0293.png"; bbox 0 0 3198 4898; ppageno 0'>
   <div class='ocr_carea' id='block_1_1' title="bbox 301 356 358 412">
    <p class='ocr_par' dir='ltr' id='par_1_1' title="bbox 301 356 358 412">
     <span class='ocr_line' id='line_1_1' title="bbox 301 356 358 412; baseline 0 0"><span class='ocrx_word' id='word_1_1' title='bbox 301 356 358 412; x_wconf 88' lang='grc'>284</span> 
     </span>
    </p>
   </div>
   <div class='ocr_carea' id='block_1_2' title="bbox 288 476 1483 2062">
    <p class='ocr_par' dir='ltr' id='par_1_2' title="bbox 302 476 1480 1312">
     <span class='ocr_line' id='line_1_2' title="bbox 394 476 1476 565; baseline -0.002 -21"><span class='ocrx_word' id='word_1_2' title='bbox 394 480 515 546; x_wconf 85' lang='lat' dir='ltr'>Altera</span> <span class='ocrx_word' id='word_1_3' title='bbox 531 501 590 546; x_wconf 87' lang='lat' dir='ltr'>seu</span> <span class='ocrx_word' id='word_1_4' title='bbox 613 480 720 546; x_wconf 88' lang='lat' dir='ltr'>fixum</span> <span class='ocrx_word' id='word_1_5' title='bbox 736 501 794 546; x_wconf 89' lang='lat' dir='ltr'>seu</span> <span class='ocrx_word' id='word_1_6' title='bbox 816 479 985 565; x_wconf 82' lang='lat' dir='ltr'>portatile,</span> <span class='ocrx_word' id='word_1_7' title='bbox 1010 485 1050 544; x_wconf 92' lang='lat' dir='ltr'>ut</span> <span class='ocrx_word' id='word_1_8' title='bbox 1066 500 1168 564; x_wconf 89' lang='lat' dir='ltr'>super</span> <span class='ocrx_word' id='word_1_9' title='bbox 1182 477 1257 564; x_wconf 86' lang='lat' dir='ltr'>ipso</span> <span class='ocrx_word' id='word_1_10' title='bbox 1274 476 1476 544; x_wconf 88' lang='lat' dir='ltr'>sacrificium</span> 
     </span>
     <span class='ocr_line' id='line_1_3' title="bbox 304 582 1478 672; baseline -0.003 -22"><span class='ocrx_word' id='word_1_11' title='bbox 304 584 399 651; x_wconf 89' lang='lat' dir='ltr'>licite</span> <span class='ocrx_word' id='word_1_12' title='bbox 422 585 538 652; x_wconf 84' lang='lat' dir='ltr'>offerri</span> <span class='ocrx_word' id='word_1_13' title='bbox 561 585 677 672; x_wconf 81' lang='lat' dir='ltr'>possit,</span> <span class='ocrx_word' id='word_1_14' title='bbox 702 583 891 652; x_wconf 88' lang='lat' dir='ltr'>necessario</span> <span class='ocrx_word' id='word_1_15' title='bbox 926 582 1115 652; x_wconf 88' lang='lat' dir='ltr'>consecrari</span> <span class='ocrx_word' id='word_1_16' title='bbox 1154 583 1264 650; x_wconf 89' lang='lat' dir='ltr'>debet.</span> <span class='ocrx_word' id='word_1_17' title='bbox 1301 584 1478 650; x_wconf 76' lang='lat' dir='ltr'>Consecra-</span> 
     </span>
     <span class='ocr_line' id='line_1_4' title="bbox 305 689 1478 780; baseline -0.003 -23"><span class='ocrx_word' id='word_1_18' title='bbox 305 691 355 758; x_wconf 90' lang='lat' dir='ltr'>tio</span> <span class='ocrx_word' id='word_1_19' title='bbox 378 694 418 760; x_wconf 85' lang='lat' dir='ltr'>tit</span> <span class='ocrx_word' id='word_1_20' title='bbox 440 715 460 758; x_wconf 92' lang='lat' dir='ltr'>a</span> <span class='ocrx_word' id='word_1_21' title='bbox 483 691 552 758; x_wconf 89' lang='lat' dir='ltr'>solo</span> <span class='ocrx_word' id='word_1_22' title='bbox 576 691 748 780; x_wconf 79' lang='lat' dir='ltr'>Episcopo</span> <span class='ocrx_word' id='word_1_23' title='bbox 770 691 836 758; x_wconf 87' lang='lat' dir='ltr'>nisi</span> <span class='ocrx_word' id='word_1_24' title='bbox 870 691 906 758; x_wconf 76' lang='lat' dir='ltr'>S.</span> <span class='ocrx_word' id='word_1_25' title='bbox 942 691 1103 758; x_wconf 80' lang='lat' dir='ltr'><strong>Pontifex</strong></span> <span class='ocrx_word' id='word_1_26' title='bbox 1137 689 1362 777; x_wconf 86' lang='lat' dir='ltr'>privilegium</span> <span class='ocrx_word' id='word_1_27' title='bbox 1403 711 1478 755; x_wconf 93' lang='lat' dir='ltr'>con-</span> 
     </span>
     <span class='ocr_line' id='line_1_5' title="bbox 303 793 1480 886; baseline -0.005 -22"><span class='ocrx_word' id='word_1_28' title='bbox 303 798 444 864; x_wconf 73' lang='lat' dir='ltr'>cesserit</span> <span class='ocrx_word' id='word_1_29' title='bbox 467 797 615 886; x_wconf 78' lang='lat' dir='ltr'>simplici</span> <span class='ocrx_word' id='word_1_30' title='bbox 637 797 819 865; x_wconf 80' lang='lat' dir='ltr'>sacerdoti.¹</span> <span class='ocrx_word' id='word_1_31' title='bbox 835 798 912 864; x_wconf 90' lang='lat' dir='ltr'>Non</span> <span class='ocrx_word' id='word_1_32' title='bbox 935 804 1047 883; x_wconf 88' lang='lat' dir='ltr'>potest</span> <span class='ocrx_word' id='word_1_33' title='bbox 1069 801 1185 863; x_wconf 90' lang='lat' dir='ltr'>tamen</span> <span class='ocrx_word' id='word_1_34' title='bbox 1208 794 1395 863; x_wconf 87' lang='lat' dir='ltr'>consecrari</span> <span class='ocrx_word' id='word_1_35' title='bbox 1414 793 1480 860; x_wconf 89' lang='lat' dir='ltr'>nisi</span> 
     </span>
     <span class='ocr_line' id='line_1_6' title="bbox 305 903 1479 992; baseline -0.003 -22"><span class='ocrx_word' id='word_1_36' title='bbox 305 905 476 992; x_wconf 80' lang='lat' dir='ltr'>lapideam</span> <span class='ocrx_word' id='word_1_37' title='bbox 500 907 620 972; x_wconf 89' lang='lat' dir='ltr'>saltem</span> <span class='ocrx_word' id='word_1_38' title='bbox 642 907 766 974; x_wconf 90' lang='lat' dir='ltr'>habeat</span> <span class='ocrx_word' id='word_1_39' title='bbox 787 905 883 972; x_wconf 90' lang='lat' dir='ltr'>illam</span> <span class='ocrx_word' id='word_1_40' title='bbox 906 913 1039 992; x_wconf 87' lang='lat' dir='ltr'>partem</span> <span class='ocrx_word' id='word_1_41' title='bbox 1063 927 1150 992; x_wconf 89' lang='lat' dir='ltr'>quae</span> <span class='ocrx_word' id='word_1_42' title='bbox 1173 905 1315 972; x_wconf 82' lang='lat' dir='ltr'>calicem</span> <span class='ocrx_word' id='word_1_43' title='bbox 1350 911 1384 970; x_wconf 90' lang='lat' dir='ltr'>et</span> <span class='ocrx_word' id='word_1_44' title='bbox 1423 903 1479 968; x_wconf 92' lang='lat' dir='ltr'>ho·</span> 
     </span>
     <span class='ocr_line' id='line_1_7' title="bbox 302 1009 1479 1100; baseline -0.003 -22"><span class='ocrx_word' id='word_1_45' title='bbox 302 1012 406 1078; x_wconf 86' lang='lat' dir='ltr'>stiam</span> <span class='ocrx_word' id='word_1_46' title='bbox 429 1020 598 1080; x_wconf 85' lang='lat' dir='ltr'>sustentat</span> <span class='ocrx_word' id='word_1_47' title='bbox 621 1017 680 1096; x_wconf 92' lang='lat'>(1).</span> <span class='ocrx_word' id='word_1_48' title='bbox 705 1014 748 1080; x_wconf 93' lang='lat' dir='ltr'>In</span> <span class='ocrx_word' id='word_1_49' title='bbox 772 1013 883 1098; x_wconf 90' lang='lat' dir='ltr'>altari,</span> <span class='ocrx_word' id='word_1_50' title='bbox 897 1011 935 1078; x_wconf 92' lang='lat' dir='ltr'>in</span> <span class='ocrx_word' id='word_1_51' title='bbox 947 1010 1103 1100; x_wconf 89' lang='lat' dir='ltr'>apposito</span> <span class='ocrx_word' id='word_1_52' title='bbox 1118 1013 1274 1099; x_wconf 91' lang='lat' dir='ltr'>sepulcro</span> <span class='ocrx_word' id='word_1_53' title='bbox 1288 1034 1347 1077; x_wconf 91' lang='lat' dir='ltr'>seu</span> <span class='ocrx_word' id='word_1_54' title='bbox 1361 1009 1479 1094; x_wconf 85' lang='lat' dir='ltr'>loculo,</span> 
     </span>
     <span class='ocr_line' id='line_1_8' title="bbox 302 1116 1478 1207; baseline -0.004 -21"><span class='ocrx_word' id='word_1_55' title='bbox 302 1119 419 1206; x_wconf 86' lang='lat' dir='ltr'>sigillo</span> <span class='ocrx_word' id='word_1_56' title='bbox 446 1119 607 1207; x_wconf 85' lang='lat' dir='ltr'>Episcopi</span> <span class='ocrx_word' id='word_1_57' title='bbox 645 1127 681 1186; x_wconf 89' lang='lat' dir='ltr'>et</span> <span class='ocrx_word' id='word_1_58' title='bbox 716 1121 860 1207; x_wconf 87' lang='lat' dir='ltr'>parvulo</span> <span class='ocrx_word' id='word_1_59' title='bbox 897 1121 1011 1206; x_wconf 89' lang='lat' dir='ltr'>lapide</span> <span class='ocrx_word' id='word_1_60' title='bbox 1050 1118 1277 1186; x_wconf 87' lang='lat' dir='ltr'>includuntur</span> <span class='ocrx_word' id='word_1_61' title='bbox 1316 1116 1478 1204; x_wconf 79' lang='lat' dir='ltr'>reliquiae</span> 
     </span>
     <span class='ocr_line' id='line_1_9' title="bbox 303 1230 585 1312; baseline 0 -19"><span class='ocrx_word' id='word_1_62' title='bbox 303 1234 501 1294; x_wconf 88' lang='lat' dir='ltr'>sanctorum</span> <span class='ocrx_word' id='word_1_63' title='bbox 530 1230 585 1312; x_wconf 85' lang='grc'><strong>(2).</strong></span> 
     </span>
    </p>

    <p class='ocr_par' dir='ltr' id='par_1_3' title="bbox 288 1333 1575 1848">
     <span class='ocr_line' id='line_1_10' title="bbox 288 1333 1482 1420; baseline -0.002 -21"><span class='ocrx_word' id='word_1_64' title='bbox 288 1410 291 1415; x_wconf 38' lang='grc'><strong><em>,</em></strong></span> <span class='ocrx_word' id='word_1_65' title='bbox 397 1336 470 1400; x_wconf 84' lang='grc'><strong>115.</strong></span> <span class='ocrx_word' id='word_1_66' title='bbox 495 1335 687 1401; x_wconf 73' lang='lat' dir='ltr'>Execratus</span> <span class='ocrx_word' id='word_1_67' title='bbox 708 1335 816 1401; x_wconf 89' lang='lat' dir='ltr'>altare</span> <span class='ocrx_word' id='word_1_68' title='bbox 837 1335 982 1420; x_wconf 91' lang='lat' dir='ltr'>quando:</span> <span class='ocrx_word' id='word_1_69' title='bbox 1007 1339 1042 1415; x_wconf 89' lang='lat' dir='ltr'>a)</span> <span class='ocrx_word' id='word_1_70' title='bbox 1065 1356 1182 1400; x_wconf 86' lang='lat' dir='ltr'>mensa</span> <span class='ocrx_word' id='word_1_71' title='bbox 1216 1333 1373 1420; x_wconf 83' lang='lat' dir='ltr'>superior</span> <span class='ocrx_word' id='word_1_72' title='bbox 1396 1353 1482 1397; x_wconf 85' lang='lat' dir='ltr'>amo</span> 
     </span>
     <span class='ocr_line' id='line_1_11' title="bbox 305 1439 1479 1526; baseline -0.003 -20"><span class='ocrx_word' id='word_1_73' title='bbox 305 1448 406 1506; x_wconf 88' lang='lat' dir='ltr'>vetur</span> <span class='ocrx_word' id='word_1_74' title='bbox 429 1441 471 1507; x_wconf 91' lang='lat' dir='ltr'>ab</span> <span class='ocrx_word' id='word_1_75' title='bbox 494 1439 647 1508; x_wconf 84' lang='lat' dir='ltr'>interiori</span> <span class='ocrx_word' id='word_1_76' title='bbox 671 1465 730 1508; x_wconf 87' lang='lat' dir='ltr'>seu</span> <span class='ocrx_word' id='word_1_77' title='bbox 755 1441 836 1526; x_wconf 81' lang='lat' dir='ltr'>basi,</span> <span class='ocrx_word' id='word_1_78' title='bbox 863 1443 919 1507; x_wconf 90' lang='lat' dir='ltr'>vel</span> <span class='ocrx_word' id='word_1_79' title='bbox 943 1439 1031 1507; x_wconf 87' lang='lat' dir='ltr'>basis</span> <span class='ocrx_word' id='word_1_80' title='bbox 1056 1465 1076 1507; x_wconf 89' lang='lat' dir='ltr'>a</span> <span class='ocrx_word' id='word_1_81' title='bbox 1100 1439 1297 1526; x_wconf 89' lang='lat' dir='ltr'>pavimento</span> <span class='ocrx_word' id='word_1_82' title='bbox 1314 1439 1355 1524; x_wconf 91' lang='lat' dir='ltr'>(si</span> <span class='ocrx_word' id='word_1_83' title='bbox 1372 1440 1479 1504; x_wconf 91' lang='lat' dir='ltr'>altare</span> 
     </span>
     <span class='ocr_line' id='line_1_12' title="bbox 302 1546 1481 1636; baseline -0.002 -23"><span class='ocrx_word' id='word_1_84' title='bbox 302 1555 357 1613; x_wconf 85' lang='lat' dir='ltr'>est</span> <span class='ocrx_word' id='word_1_85' title='bbox 379 1549 499 1631; x_wconf 84' lang='lat' dir='ltr'>lixum)</span> <span class='ocrx_word' id='word_1_86' title='bbox 523 1552 581 1632; x_wconf 84' lang='lat'><strong>(3);</strong></span> <span class='ocrx_word' id='word_1_87' title='bbox 606 1552 637 1632; x_wconf 83' lang='lat' dir='ltr'>b)</span> <span class='ocrx_word' id='word_1_88' title='bbox 661 1550 796 1635; x_wconf 91' lang='lat' dir='ltr'>quando</span> <span class='ocrx_word' id='word_1_89' title='bbox 819 1549 905 1636; x_wconf 90' lang='lat' dir='ltr'>lapis</span> <span class='ocrx_word' id='word_1_90' title='bbox 921 1554 1031 1634; x_wconf 90' lang='lat' dir='ltr'>(petra</span> <span class='ocrx_word' id='word_1_91' title='bbox 1049 1553 1158 1632; x_wconf 89' lang='lat' dir='ltr'>sacra)</span> <span class='ocrx_word' id='word_1_92' title='bbox 1183 1547 1368 1614; x_wconf 72' lang='lat' dir='ltr'>enormiter</span> <span class='ocrx_word' id='word_1_93' title='bbox 1390 1546 1481 1611; x_wconf 87' lang='lat' dir='ltr'>fran·</span> 
     </span>
     <span class='ocr_line' id='line_1_13' title="bbox 303 1651 1478 1744; baseline -0.003 -24"><span class='ocrx_word' id='word_1_94' title='bbox 303 1653 411 1740; x_wconf 84' lang='lat' dir='ltr'>gitur,</span> <span class='ocrx_word' id='word_1_95' title='bbox 436 1663 470 1720; x_wconf 87' lang='lat' dir='ltr'>et</span> <span class='ocrx_word' id='word_1_96' title='bbox 494 1655 633 1721; x_wconf 89' lang='lat' dir='ltr'>calicem</span> <span class='ocrx_word' id='word_1_97' title='bbox 656 1678 733 1721; x_wconf 89' lang='lat' dir='ltr'>cum</span> <span class='ocrx_word' id='word_1_98' title='bbox 757 1663 880 1744; x_wconf 87' lang='lat' dir='ltr'>patena</span> <span class='ocrx_word' id='word_1_99' title='bbox 902 1663 937 1722; x_wconf 91' lang='lat' dir='ltr'>et</span> <span class='ocrx_word' id='word_1_100' title='bbox 959 1654 1087 1722; x_wconf 90' lang='lat' dir='ltr'>ciborio</span> <span class='ocrx_word' id='word_1_101' title='bbox 1110 1677 1178 1720; x_wconf 88' lang='lat' dir='ltr'>non</span> <span class='ocrx_word' id='word_1_102' title='bbox 1201 1654 1348 1740; x_wconf 89' lang='lat' dir='ltr'>amplius</span> <span class='ocrx_word' id='word_1_103' title='bbox 1373 1651 1478 1718; x_wconf 88' lang='lat' dir='ltr'>conti-</span> 
     </span>
     <span class='ocr_line' id='line_1_14' title="bbox 304 1761 1481 1848; baseline -0.005 -18"><span class='ocrx_word' id='word_1_104' title='bbox 304 1784 386 1830; x_wconf 88' lang='lat' dir='ltr'>nere</span> <span class='ocrx_word' id='word_1_105' title='bbox 409 1763 523 1828; x_wconf 84' lang='lat' dir='ltr'>valeat</span> <span class='ocrx_word' id='word_1_106' title='bbox 545 1763 603 1846; x_wconf 77' lang='lat'>(4);</span> <span class='ocrx_word' id='word_1_107' title='bbox 628 1767 657 1844; x_wconf 85' lang='lat' dir='ltr'>a)</span> <span class='ocrx_word' id='word_1_108' title='bbox 680 1763 707 1827; x_wconf 88' lang='lat' dir='ltr'>si</span> <span class='ocrx_word' id='word_1_109' title='bbox 725 1762 901 1848; x_wconf 85' lang='lat' dir='ltr'>frangitur</span> <span class='ocrx_word' id='word_1_110' title='bbox 923 1768 984 1829; x_wconf 91' lang='lat' dir='ltr'>aut</span> <span class='ocrx_word' id='word_1_111' title='bbox 999 1767 1194 1827; x_wconf 87' lang='lat' dir='ltr'>removetur</span> <span class='ocrx_word' id='word_1_112' title='bbox 1216 1761 1434 1846; x_wconf 85' lang='lat' dir='ltr'>sepulcrum(</span> <span class='ocrx_word' id='word_1_113' title='bbox 1459 1763 1481 1841; x_wconf 92' lang='lat'>).</span> 
     </span>
    </p>

    <p class='ocr_par' dir='ltr' id='par_1_4' title="bbox 396 1866 1483 1952">
     <span class='ocr_line' id='line_1_15' title="bbox 396 1866 1483 1952; baseline -0.002 -20"><span class='ocrx_word' id='word_1_114' title='bbox 396 1867 622 1934; x_wconf 88' lang='lat' dir='ltr'>Profanatum</span> <span class='ocrx_word' id='word_1_115' title='bbox 645 1876 801 1934; x_wconf 89' lang='lat' dir='ltr'>censetur</span> <span class='ocrx_word' id='word_1_116' title='bbox 824 1870 932 1936; x_wconf 87' lang='lat' dir='ltr'>altare</span> <span class='ocrx_word' id='word_1_117' title='bbox 955 1867 983 1933; x_wconf 87' lang='lat' dir='ltr'>si</span> <span class='ocrx_word' id='word_1_118' title='bbox 1007 1874 1203 1933; x_wconf 85' lang='lat' dir='ltr'>extructum</span> <span class='ocrx_word' id='word_1_119' title='bbox 1226 1866 1271 1932; x_wconf 89' lang='lat' dir='ltr'>sit</span> <span class='ocrx_word' id='word_1_120' title='bbox 1294 1889 1397 1952; x_wconf 90' lang='lat' dir='ltr'>super</span> <span class='ocrx_word' id='word_1_121' title='bbox 1431 1889 1483 1930; x_wconf 90' lang='lat' dir='ltr'>se-</span> 
     </span>
    </p>

    <p class='ocr_par' dir='ltr' id='par_1_5' title="bbox 303 1973 1483 2062">
     <span class='ocr_line' id='line_1_16' title="bbox 303 1973 1483 2062; baseline -0.001 -22"><span class='ocrx_word' id='word_1_122' title='bbox 303 1976 441 2062; x_wconf 88' lang='lat' dir='ltr'>pultum</span> <span class='ocrx_word' id='word_1_123' title='bbox 465 1975 619 2060; x_wconf 74' lang='lat' dir='ltr'>cadaver,</span> <span class='ocrx_word' id='word_1_124' title='bbox 644 1974 734 2040; x_wconf 86' lang='lat' dir='ltr'>infra</span> <span class='ocrx_word' id='word_1_125' title='bbox 756 1975 955 2041; x_wconf 88' lang='lat' dir='ltr'>distantiam</span> <span class='ocrx_word' id='word_1_126' title='bbox 987 1975 1094 2040; x_wconf 90' lang='lat' dir='ltr'>trium</span> <span class='ocrx_word' id='word_1_127' title='bbox 1131 1973 1335 2058; x_wconf 87' lang='lat' dir='ltr'>cubitorum,</span> <span class='ocrx_word' id='word_1_128' title='bbox 1372 1994 1483 2057; x_wconf 91' lang='lat' dir='ltr'>neque</span> 
     </span>
    </p>
   </div>
   <div class='ocr_carea' id='block_1_3' title="bbox 304 2079 1484 2274">
    <p class='ocr_par' dir='ltr' id='par_1_6' title="bbox 304 2079 1484 2274">
     <span class='ocr_line' id='line_1_17' title="bbox 304 2079 1484 2166; baseline -0.001 -19"><span class='ocrx_word' id='word_1_129' title='bbox 304 2081 386 2148; x_wconf 90' lang='lat' dir='ltr'>licet</span> <span class='ocrx_word' id='word_1_130' title='bbox 409 2083 579 2147; x_wconf 90' lang='lat' dir='ltr'>celebrare</span> <span class='ocrx_word' id='word_1_131' title='bbox 601 2081 638 2147; x_wconf 89' lang='lat' dir='ltr'>in</span> <span class='ocrx_word' id='word_1_132' title='bbox 660 2105 698 2148; x_wconf 90' lang='lat' dir='ltr'>eo</span> <span class='ocrx_word' id='word_1_133' title='bbox 721 2081 786 2147; x_wconf 90' lang='lat' dir='ltr'>nisi</span> <span class='ocrx_word' id='word_1_134' title='bbox 825 2083 990 2149; x_wconf 84' lang='lat' dir='ltr'>cadavere</span> <span class='ocrx_word' id='word_1_135' title='bbox 1012 2089 1133 2166; x_wconf 89' lang='lat' dir='ltr'>amoto,</span> <span class='ocrx_word' id='word_1_136' title='bbox 1174 2081 1203 2146; x_wconf 89' lang='lat' dir='ltr'>si</span> <span class='ocrx_word' id='word_1_137' title='bbox 1234 2081 1406 2148; x_wconf 89' lang='lat' dir='ltr'>commode</span> <span class='ocrx_word' id='word_1_138' title='bbox 1445 2079 1484 2146; x_wconf 89' lang='lat' dir='ltr'>id</span> 
     </span>
     <span class='ocr_line' id='line_1_18' title="bbox 305 2188 594 2274; baseline -0.007 -20"><span class='ocrx_word' id='word_1_139' title='bbox 305 2188 381 2254; x_wconf 88' lang='lat' dir='ltr'>fieri</span> <span class='ocrx_word' id='word_1_140' title='bbox 405 2195 516 2274; x_wconf 89' lang='lat' dir='ltr'>potest</span> <span class='ocrx_word' id='word_1_141' title='bbox 539 2189 594 2270; x_wconf 83' lang='lat'>(6).</span> 
     </span>
    </p>
   </div>
   <div class='ocr_carea' id='block_1_4' title="bbox 304 2419 1485 2597">
    <p class='ocr_par' dir='ltr' id='par_1_7' title="bbox 304 2419 1485 2597">
     <span class='ocr_line' id='line_1_19' title="bbox 305 2419 1485 2494; baseline 0.002 -18"><span class='ocrx_word' id='word_1_142' title='bbox 305 2419 453 2476; x_wconf 85' lang='lat' dir='ltr'>tonotarii</span> <span class='ocrx_word' id='word_1_143' title='bbox 472 2422 578 2492; x_wconf 80' lang='lat' dir='ltr'>Apost.</span> <span class='ocrx_word' id='word_1_144' title='bbox 592 2423 690 2477; x_wconf 90' lang='lat' dir='ltr'>solum</span> <span class='ocrx_word' id='word_1_145' title='bbox 701 2427 801 2476; x_wconf 91' lang='lat' dir='ltr'>tamen</span> <span class='ocrx_word' id='word_1_146' title='bbox 813 2421 1050 2494; x_wconf 85' lang='lat' dir='ltr'>partecipantes.</span> <span class='ocrx_word' id='word_1_147' title='bbox 1073 2427 1143 2479; x_wconf 82' lang='lat' dir='ltr'>Pius</span> <span class='ocrx_word' id='word_1_148' title='bbox 1155 2423 1208 2492; x_wconf 88' lang='lat' dir='ltr'>IX,</span> <span class='ocrx_word' id='word_1_149' title='bbox 1222 2421 1323 2478; x_wconf 85' lang='lat' dir='ltr'>Brevi:</span> <span class='ocrx_word' id='word_1_150' title='bbox 1347 2445 1360 2471; x_wconf 67' lang='grc' dir='ltr'>ι</span> <span class='ocrx_word' id='word_1_151' title='bbox 1372 2425 1485 2488; x_wconf 80' lang='lat' dir='ltr'>Quam·</span> 
     </span>
     <span class='ocr_line' id='line_1_20' title="bbox 304 2509 1470 2597; baseline 0.002 -31"><span class='ocrx_word' id='word_1_152' title='bbox 304 2513 349 2567; x_wconf 79' lang='lat' dir='ltr'>ets</span> <span class='ocrx_word' id='word_1_153' title='bbox 365 2513 533 2580; x_wconf 79' lang='lat' dir='ltr'>peculiares</span> <span class='ocrx_word' id='word_1_154' title='bbox 554 2530 570 2562; x_wconf 63' lang='lat' dir='ltr'>a</span> <span class='ocrx_word' id='word_1_155' title='bbox 588 2513 605 2566; x_wconf 84' lang='lat'><strong>9</strong></span> <span class='ocrx_word' id='word_1_156' title='bbox 623 2511 696 2566; x_wconf 82' lang='lat' dir='ltr'>Feb.</span> <span class='ocrx_word' id='word_1_157' title='bbox 715 2512 794 2568; x_wconf 80' lang='grc'><strong>1868.</strong></span> <span class='ocrx_word' id='word_1_158' title='bbox 813 2509 878 2597; x_wconf 65' lang='grc'>06.</span> <span class='ocrx_word' id='word_1_159' title='bbox 898 2514 940 2566; x_wconf 87' lang='lat' dir='ltr'>M.</span> <span class='ocrx_word' id='word_1_160' title='bbox 959 2513 1110 2577; x_wconf 70' lang='lat' dir='ltr'>Delma,</span> <span class='ocrx_word' id='word_1_161' title='bbox 1133 2511 1172 2580; x_wconf 82' lang='lat' dir='ltr'>II,</span> <span class='ocrx_word' id='word_1_162' title='bbox 1192 2511 1240 2568; x_wconf 91' lang='lat' dir='ltr'>tit.</span> <span class='ocrx_word' id='word_1_163' title='bbox 1259 2515 1336 2578; x_wconf 73' lang='lat' dir='ltr'>xvi,</span> <span class='ocrx_word' id='word_1_164' title='bbox 1357 2530 1386 2567; x_wconf 91' lang='lat' dir='ltr'>u.</span> <span class='ocrx_word' id='word_1_165' title='bbox 1405 2512 1470 2568; x_wconf 87' lang='lat'>308.</span> 
     </span>
    </p>
   </div>
   <div class='ocr_carea' id='block_1_5' title="bbox 377 2615 1111 2688">
    <p class='ocr_par' dir='ltr' id='par_1_8' title="bbox 377 2615 1111 2688">
     <span class='ocr_line' id='line_1_21' title="bbox 377 2615 1111 2688; baseline 0.008 -18"><span class='ocrx_word' id='word_1_166' title='bbox 377 2615 420 2688; x_wconf 89' lang='lat'>(1)</span> <span class='ocrx_word' id='word_1_167' title='bbox 439 2615 487 2671; x_wconf 83' lang='lat' dir='ltr'>Ex</span> <span class='ocrx_word' id='word_1_168' title='bbox 506 2617 592 2674; x_wconf 86' lang='lat' dir='ltr'>rubr.</span> <span class='ocrx_word' id='word_1_169' title='bbox 609 2623 679 2687; x_wconf 88' lang='lat' dir='ltr'>XX,</span> <span class='ocrx_word' id='word_1_170' title='bbox 701 2618 786 2674; x_wconf 87' lang='lat' dir='ltr'>miss.</span> <span class='ocrx_word' id='word_1_171' title='bbox 805 2620 849 2675; x_wconf 88' lang='lat' dir='ltr'>De</span> <span class='ocrx_word' id='word_1_172' title='bbox 864 2635 974 2688; x_wconf 83' lang='lat' dir='ltr'>praep.</span> <span class='ocrx_word' id='word_1_173' title='bbox 994 2622 1111 2676; x_wconf 80' lang='lat' dir='ltr'>altaris.</span> 
     </span>
    </p>
   </div>
   <div class='ocr_carea' id='block_1_6' title="bbox 305 2723 1574 3420">
    <p class='ocr_par' dir='ltr' id='par_1_9' title="bbox 305 2723 1574 2978">
     <span class='ocr_line' id='line_1_22' title="bbox 378 2723 1483 2798; baseline 0.003 -21"><span class='ocrx_word' id='word_1_174' title='bbox 378 2725 419 2796; x_wconf 89' lang='grc'>(2)</span> <span class='ocrx_word' id='word_1_175' title='bbox 439 2723 576 2779; x_wconf 81' lang='lat' dir='ltr'>Tolerari</span> <span class='ocrx_word' id='word_1_176' title='bbox 596 2743 656 2780; x_wconf 92' lang='lat' dir='ltr'>nou</span> <span class='ocrx_word' id='word_1_177' title='bbox 677 2733 804 2796; x_wconf 81' lang='lat' dir='ltr'>possunt</span> <span class='ocrx_word' id='word_1_178' title='bbox 823 2743 927 2781; x_wconf 86' lang='lat' dir='ltr'>sacrae</span> <span class='ocrx_word' id='word_1_179' title='bbox 947 2742 1070 2780; x_wconf 85' lang='lat' dir='ltr'>mensae</span> <span class='ocrx_word' id='word_1_180' title='bbox 1085 2743 1211 2798; x_wconf 86' lang='lat' dir='ltr'>quarum</span> <span class='ocrx_word' id='word_1_181' title='bbox 1224 2725 1397 2796; x_wconf 88' lang='lat' dir='ltr'>sepulcrum</span> <span class='ocrx_word' id='word_1_182' title='bbox 1410 2743 1483 2798; x_wconf 87' lang='lat' dir='ltr'>qua·</span> 
     </span>
     <span class='ocr_line' id='line_1_23' title="bbox 305 2813 1484 2887; baseline 0 -18"><span class='ocrx_word' id='word_1_183' title='bbox 305 2814 377 2869; x_wconf 84' lang='lat' dir='ltr'>dam</span> <span class='ocrx_word' id='word_1_184' title='bbox 397 2813 505 2874; x_wconf 88' lang='lat' dir='ltr'>subtili</span> <span class='ocrx_word' id='word_1_185' title='bbox 528 2814 642 2869; x_wconf 88' lang='lat' dir='ltr'>lamina</span> <span class='ocrx_word' id='word_1_186' title='bbox 661 2814 800 2870; x_wconf 86' lang='lat' dir='ltr'>confecta</span> <span class='ocrx_word' id='word_1_187' title='bbox 819 2833 856 2870; x_wconf 83' lang='lat' dir='ltr'>ex</span> <span class='ocrx_word' id='word_1_188' title='bbox 871 2816 968 2887; x_wconf 81' lang='lat' dir='ltr'>vulgo</span> <span class='ocrx_word' id='word_1_189' title='bbox 996 2819 1093 2871; x_wconf 79' lang='lat' dir='ltr'>ottone</span> <span class='ocrx_word' id='word_1_190' title='bbox 1126 2821 1179 2870; x_wconf 86' lang='lat' dir='ltr'>aut</span> <span class='ocrx_word' id='word_1_191' title='bbox 1211 2819 1296 2884; x_wconf 83' lang='lat' dir='ltr'>latta,</span> <span class='ocrx_word' id='word_1_192' title='bbox 1328 2815 1484 2870; x_wconf 89' lang='lat' dir='ltr'>obtectum</span> 
     </span>
     <span class='ocr_line' id='line_1_24' title="bbox 307 2903 1574 2978; baseline 0.001 -19"><span class='ocrx_word' id='word_1_193' title='bbox 307 2909 365 2960; x_wconf 85' lang='lat' dir='ltr'>est.</span> <span class='ocrx_word' id='word_1_194' title='bbox 385 2905 413 2960; x_wconf 83' lang='lat' dir='ltr'>S.</span> <span class='ocrx_word' id='word_1_195' title='bbox 433 2903 469 2960; x_wconf 81' lang='lat' dir='ltr'>R.</span> <span class='ocrx_word' id='word_1_196' title='bbox 489 2904 523 2959; x_wconf 84' lang='lat'>0.</span> <span class='ocrx_word' id='word_1_197' title='bbox 546 2905 578 2958; x_wconf 79' lang='grc'>16</span> <span class='ocrx_word' id='word_1_198' title='bbox 598 2904 679 2975; x_wconf 86' lang='lat' dir='ltr'>Sept.</span> <span class='ocrx_word' id='word_1_199' title='bbox 698 2906 777 2960; x_wconf 90' lang='grc'><strong>1881.</strong></span> <span class='ocrx_word' id='word_1_200' title='bbox 1573 2975 1574 2978; x_wconf 9' lang='lat'>¹</span> 
     </span>
    </p>

    <p class='ocr_par' dir='ltr' id='par_1_10' title="bbox 306 2989 1574 3420">
     <span class='ocr_line' id='line_1_25' title="bbox 381 2989 1574 3066; baseline 0.001 -18"><span class='ocrx_word' id='word_1_201' title='bbox 381 2993 597 3050; x_wconf 81' lang='lat' dir='ltr'>Controversia</span> <span class='ocrx_word' id='word_1_202' title='bbox 610 3001 712 3051; x_wconf 88' lang='lat' dir='ltr'>autem</span> <span class='ocrx_word' id='word_1_203' title='bbox 732 2995 792 3051; x_wconf 87' lang='lat' dir='ltr'>fuit</span> <span class='ocrx_word' id='word_1_204' title='bbox 806 2995 886 3050; x_wconf 87' lang='lat' dir='ltr'>inter</span> <span class='ocrx_word' id='word_1_205' title='bbox 906 3003 1046 3051; x_wconf 84' lang='lat' dir='ltr'>auctores</span> <span class='ocrx_word' id='word_1_206' title='bbox 1065 3015 1103 3051; x_wconf 86' lang='lat' dir='ltr'>an</span> <span class='ocrx_word' id='word_1_207' title='bbox 1124 2994 1255 3051; x_wconf 90' lang='lat' dir='ltr'>inclusio</span> <span class='ocrx_word' id='word_1_208' title='bbox 1273 2993 1485 3066; x_wconf 87' lang='lat' dir='ltr'>reliquiarum,</span> <span class='ocrx_word' id='word_1_209' title='bbox 1573 2989 1574 2992; x_wconf 28' lang='lat'>¹</span> 
     </span>
     <span class='ocr_line' id='line_1_26' title="bbox 306 3083 1486 3156; baseline 0.002 -20"><span class='ocrx_word' id='word_1_210' title='bbox 306 3099 385 3154; x_wconf 86' lang='lat' dir='ltr'>quae</span> <span class='ocrx_word' id='word_1_211' title='bbox 406 3101 443 3137; x_wconf 88' lang='lat' dir='ltr'>ex</span> <span class='ocrx_word' id='word_1_212' title='bbox 463 3084 597 3139; x_wconf 89' lang='lat' dir='ltr'>omnium</span> <span class='ocrx_word' id='word_1_213' title='bbox 614 3102 764 3140; x_wconf 87' lang='lat' dir='ltr'>consensu</span> <span class='ocrx_word' id='word_1_214' title='bbox 784 3091 831 3140; x_wconf 88' lang='lat' dir='ltr'>est</span> <span class='ocrx_word' id='word_1_215' title='bbox 848 3085 1039 3156; x_wconf 87' lang='lat' dir='ltr'>praescripta</span> <span class='ocrx_word' id='word_1_216' title='bbox 1052 3085 1094 3140; x_wconf 89' lang='lat' dir='ltr'>sit</span> <span class='ocrx_word' id='word_1_217' title='bbox 1107 3083 1282 3140; x_wconf 87' lang='lat' dir='ltr'>necessaria</span> <span class='ocrx_word' id='word_1_218' title='bbox 1297 3084 1336 3138; x_wconf 88' lang='lat' dir='ltr'>ad</span> <span class='ocrx_word' id='word_1_219' title='bbox 1349 3085 1486 3139; x_wconf 87' lang='lat' dir='ltr'>validam</span> 
     </span>
     <span class='ocr_line' id='line_1_27' title="bbox 306 3171 1484 3246; baseline 0.003 -20"><span class='ocrx_word' id='word_1_220' title='bbox 306 3171 417 3226; x_wconf 85' lang='lat' dir='ltr'>altaris</span> <span class='ocrx_word' id='word_1_221' title='bbox 436 3174 707 3230; x_wconf 87' lang='lat' dir='ltr'>consecrationem.</span> <span class='ocrx_word' id='word_1_222' title='bbox 730 3175 889 3230; x_wconf 85' lang='lat' dir='ltr'>Sententia</span> <span class='ocrx_word' id='word_1_223' title='bbox 909 3173 1063 3228; x_wconf 88' lang='lat' dir='ltr'>affirmans</span> <span class='ocrx_word' id='word_1_224' title='bbox 1082 3173 1266 3246; x_wconf 87' lang='lat' dir='ltr'>praevaluit.</span> <span class='ocrx_word' id='word_1_225' title='bbox 1285 3172 1348 3228; x_wconf 82' lang='lat' dir='ltr'>ufr.</span> <span class='ocrx_word' id='word_1_226' title='bbox 1369 3175 1484 3239; x_wconf 78' lang='lat' dir='ltr'>Quarti,</span> 
     </span>
     <span class='ocr_line' id='line_1_28' title="bbox 308 3261 1487 3336; baseline 0.003 -21"><span class='ocrx_word' id='word_1_227' title='bbox 308 3277 357 3332; x_wconf 90' lang='lat' dir='ltr'>op.</span> <span class='ocrx_word' id='word_1_228' title='bbox 382 3261 434 3317; x_wconf 85' lang='lat' dir='ltr'>cit.</span> <span class='ocrx_word' id='word_1_229' title='bbox 458 3261 505 3315; x_wconf 84' lang='lat' dir='ltr'>tit.</span> <span class='ocrx_word' id='word_1_230' title='bbox 525 3267 587 3330; x_wconf 87' lang='lat' dir='ltr'>XV,</span> <span class='ocrx_word' id='word_1_231' title='bbox 608 3263 678 3318; x_wconf 91' lang='lat' dir='ltr'>dub.</span> <span class='ocrx_word' id='word_1_232' title='bbox 698 3263 734 3332; x_wconf 85' lang='lat' dir='ltr'>V;</span> <span class='ocrx_word' id='word_1_233' title='bbox 762 3265 1032 3336; x_wconf 76' lang='lat' dir='ltr'>Schmalaprueber,</span> <span class='ocrx_word' id='word_1_234' title='bbox 1061 3263 1109 3319; x_wconf 89' lang='lat' dir='ltr'>tit.</span> <span class='ocrx_word' id='word_1_235' title='bbox 1125 3265 1192 3333; x_wconf 85' lang='lat' dir='ltr'>XL,</span> <span class='ocrx_word' id='word_1_236' title='bbox 1221 3281 1251 3320; x_wconf 89' lang='lat' dir='ltr'>n.</span> <span class='ocrx_word' id='word_1_237' title='bbox 1277 3263 1331 3331; x_wconf 83' lang='lat'>43;</span> <span class='ocrx_word' id='word_1_238' title='bbox 1360 3261 1487 3318; x_wconf 85' lang='lat' dir='ltr'>Collect.</span> 
     </span>
     <span class='ocr_line' id='line_1_29' title="bbox 308 3351 857 3420; baseline 0.004 -13"><span class='ocrx_word' id='word_1_239' title='bbox 308 3351 510 3408; x_wconf 82' lang='lat' dir='ltr'>Gardelliana</span> <span class='ocrx_word' id='word_1_240' title='bbox 531 3370 558 3406; x_wconf 87' lang='lat' dir='ltr'>n.</span> <span class='ocrx_word' id='word_1_241' title='bbox 576 3352 656 3420; x_wconf 80' lang='lat' dir='ltr'>4s39,</span> <span class='ocrx_word' id='word_1_242' title='bbox 676 3353 857 3420; x_wconf 72' lang='lat' dir='ltr'>assumar.</span> 
     </span>
    </p>
   </div>
   <div class='ocr_carea' id='block_1_7' title="bbox 309 3457 1485 3620">
    <p class='ocr_par' dir='ltr' id='par_1_11' title="bbox 309 3457 1485 3620">
     <span class='ocr_line' id='line_1_30' title="bbox 380 3457 1485 3540; baseline 0.002 -28"><span class='ocrx_word' id='word_1_243' title='bbox 380 3458 420 3540; x_wconf 78' lang='lat'>(3)</span> <span class='ocrx_word' id='word_1_244' title='bbox 441 3457 513 3529; x_wconf 85' lang='lat' dir='ltr'>Cap.</span> <span class='ocrx_word' id='word_1_245' title='bbox 532 3462 579 3516; x_wconf 82' lang='lat' dir='ltr'>Ad</span> <span class='ocrx_word' id='word_1_246' title='bbox 597 3463 676 3526; x_wconf 84' lang='lat' dir='ltr'>hacc,</span> <span class='ocrx_word' id='word_1_247' title='bbox 710 3461 735 3530; x_wconf 72' lang='lat'>15</span> <span class='ocrx_word' id='word_1_248' title='bbox 764 3463 891 3532; x_wconf 75' lang='lat' dir='ltr'>Liparis,</span> <span class='ocrx_word' id='word_1_249' title='bbox 918 3461 935 3514; x_wconf 88' lang='lat'>6</span> <span class='ocrx_word' id='word_1_250' title='bbox 961 3461 998 3515; x_wconf 91' lang='lat' dir='ltr'>de</span> <span class='ocrx_word' id='word_1_251' title='bbox 1027 3477 1160 3516; x_wconf 88' lang='lat' dir='ltr'>consecr.</span> <span class='ocrx_word' id='word_1_252' title='bbox 1188 3459 1267 3514; x_wconf 86' lang='lat' dir='ltr'>Item</span> <span class='ocrx_word' id='word_1_253' title='bbox 1294 3459 1323 3514; x_wconf 88' lang='lat' dir='ltr'>S.</span> <span class='ocrx_word' id='word_1_254' title='bbox 1342 3459 1379 3514; x_wconf 88' lang='lat' dir='ltr'>R.</span> <span class='ocrx_word' id='word_1_255' title='bbox 1399 3460 1431 3516; x_wconf 81' lang='lat'>0.</span> <span class='ocrx_word' id='word_1_256' title='bbox 1450 3460 1485 3514; x_wconf 86' lang='grc'>20</span> 
     </span>
     <span class='ocr_line' id='line_1_31' title="bbox 309 3547 1154 3620; baseline 0.002 -18"><span class='ocrx_word' id='word_1_257' title='bbox 309 3547 397 3602; x_wconf 77' lang='lat' dir='ltr'>Febr.</span> <span class='ocrx_word' id='word_1_258' title='bbox 419 3549 497 3602; x_wconf 75' lang='lat'>1874.</span> <span class='ocrx_word' id='word_1_259' title='bbox 525 3547 588 3606; x_wconf 84' lang='lat' dir='ltr'>Ofr.</span> <span class='ocrx_word' id='word_1_260' title='bbox 606 3551 737 3618; x_wconf 81' lang='lat' dir='ltr'>Farrar&#39;c,</span> <span class='ocrx_word' id='word_1_261' title='bbox 757 3549 900 3620; x_wconf 84' lang='lat' dir='ltr'>Liturgia</span> <span class='ocrx_word' id='word_1_262' title='bbox 918 3549 1040 3616; x_wconf 81' lang='lat' dir='ltr'>Missae,</span> <span class='ocrx_word' id='word_1_263' title='bbox 1063 3567 1092 3606; x_wconf 92' lang='lat' dir='ltr'>n.</span> <span class='ocrx_word' id='word_1_264' title='bbox 1108 3551 1154 3606; x_wconf 95' lang='grc'><strong>28.</strong></span> 
     </span>
    </p>
   </div>
   <div class='ocr_carea' id='block_1_8' title="bbox 308 3654 1485 3995">
    <p class='ocr_par' dir='ltr' id='par_1_12' title="bbox 308 3654 1485 3995">
     <span class='ocr_line' id='line_1_32' title="bbox 382 3654 1484 3729; baseline 0.003 -22"><span class='ocrx_word' id='word_1_265' title='bbox 382 3654 424 3722; x_wconf 79' lang='grc'>(4)</span> <span class='ocrx_word' id='word_1_266' title='bbox 443 3654 612 3708; x_wconf 85' lang='lat' dir='ltr'>Execratur</span> <span class='ocrx_word' id='word_1_267' title='bbox 632 3655 724 3710; x_wconf 90' lang='lat' dir='ltr'>etiam</span> <span class='ocrx_word' id='word_1_268' title='bbox 744 3657 889 3727; x_wconf 86' lang='lat' dir='ltr'>portatile</span> <span class='ocrx_word' id='word_1_269' title='bbox 909 3657 989 3729; x_wconf 92' lang='lat' dir='ltr'>quod</span> <span class='ocrx_word' id='word_1_270' title='bbox 1008 3656 1094 3711; x_wconf 91' lang='lat' dir='ltr'>tenui</span> <span class='ocrx_word' id='word_1_271' title='bbox 1109 3655 1244 3712; x_wconf 86' lang='lat' dir='ltr'>scissura</span> <span class='ocrx_word' id='word_1_272' title='bbox 1264 3657 1303 3710; x_wconf 89' lang='lat' dir='ltr'>ad</span> <span class='ocrx_word' id='word_1_273' title='bbox 1323 3655 1421 3711; x_wconf 86' lang='lat' dir='ltr'>instar</span> <span class='ocrx_word' id='word_1_274' title='bbox 1440 3654 1484 3710; x_wconf 90' lang='lat' dir='ltr'>fili</span> 
     </span>
     <span class='ocr_line' id='line_1_33' title="bbox 311 3743 1485 3824; baseline 0.001 -26"><span class='ocrx_word' id='word_1_275' title='bbox 311 3761 364 3814; x_wconf 89' lang='lat' dir='ltr'>per</span> <span class='ocrx_word' id='word_1_276' title='bbox 383 3743 515 3798; x_wconf 88' lang='lat' dir='ltr'>medium</span> <span class='ocrx_word' id='word_1_277' title='bbox 549 3743 681 3816; x_wconf 82' lang='lat' dir='ltr'>lapidem</span> <span class='ocrx_word' id='word_1_278' title='bbox 708 3745 861 3815; x_wconf 84' lang='lat' dir='ltr'>integrum</span> <span class='ocrx_word' id='word_1_279' title='bbox 882 3747 1061 3801; x_wconf 84' lang='lat' dir='ltr'>decurrente</span> <span class='ocrx_word' id='word_1_280' title='bbox 1091 3745 1229 3824; x_wconf 71' lang='lat' dir='ltr'>laborat,</span> <span class='ocrx_word' id='word_1_281' title='bbox 1249 3746 1322 3817; x_wconf 87' lang='lat' dir='ltr'>quia</span> <span class='ocrx_word' id='word_1_282' title='bbox 1342 3745 1388 3800; x_wconf 86' lang='lat' dir='ltr'>sic</span> <span class='ocrx_word' id='word_1_283' title='bbox 1407 3745 1485 3816; x_wconf 89' lang='lat' dir='ltr'>lapis</span> 
     </span>
     <span class='ocr_line' id='line_1_34' title="bbox 309 3833 1484 3906; baseline 0.003 -19"><span class='ocrx_word' id='word_1_284' title='bbox 309 3849 417 3888; x_wconf 87' lang='lat' dir='ltr'>revera</span> <span class='ocrx_word' id='word_1_285' title='bbox 436 3833 467 3886; x_wconf 90' lang='lat' dir='ltr'>in</span> <span class='ocrx_word' id='word_1_286' title='bbox 488 3833 563 3888; x_wconf 84' lang='lat' dir='ltr'>duas</span> <span class='ocrx_word' id='word_1_287' title='bbox 583 3839 685 3905; x_wconf 89' lang='lat' dir='ltr'>partes</span> <span class='ocrx_word' id='word_1_288' title='bbox 705 3841 751 3890; x_wconf 87' lang='lat' dir='ltr'>est</span> <span class='ocrx_word' id='word_1_289' title='bbox 771 3833 897 3890; x_wconf 86' lang='lat' dir='ltr'>fractus.</span> <span class='ocrx_word' id='word_1_290' title='bbox 925 3836 958 3891; x_wconf 81' lang='grc'><strong>8.</strong></span> <span class='ocrx_word' id='word_1_291' title='bbox 974 3833 1006 3891; x_wconf 84' lang='lat' dir='ltr'>G.</span> <span class='ocrx_word' id='word_1_292' title='bbox 1026 3835 1065 3890; x_wconf 84' lang='lat' dir='ltr'>R.</span> <span class='ocrx_word' id='word_1_293' title='bbox 1082 3835 1117 3890; x_wconf 84' lang='lat'>31</span> <span class='ocrx_word' id='word_1_294' title='bbox 1137 3836 1217 3906; x_wconf 83' lang='lat' dir='ltr'>Aug.</span> <span class='ocrx_word' id='word_1_295' title='bbox 1237 3836 1317 3890; x_wconf 82' lang='grc'><strong>1867.</strong></span> <span class='ocrx_word' id='word_1_296' title='bbox 1344 3833 1406 3890; x_wconf 80' lang='lat' dir='ltr'>Otr.</span> <span class='ocrx_word' id='word_1_297' title='bbox 1426 3835 1484 3890; x_wconf 83' lang='lat' dir='ltr'>Ga·</span> 
     </span>
     <span class='ocr_line' id='line_1_35' title="bbox 308 3921 1020 3995; baseline -0.001 -15"><span class='ocrx_word' id='word_1_298' title='bbox 308 3925 422 3992; x_wconf 72' lang='lat' dir='ltr'>sparti,</span> <span class='ocrx_word' id='word_1_299' title='bbox 444 3921 462 3978; x_wconf 92' lang='lat' dir='ltr'>l.</span> <span class='ocrx_word' id='word_1_300' title='bbox 482 3941 507 3979; x_wconf 91' lang='lat' dir='ltr'>c.</span> <span class='ocrx_word' id='word_1_301' title='bbox 527 3941 560 3995; x_wconf 75' lang='lat' dir='ltr'>n.</span> <span class='ocrx_word' id='word_1_302' title='bbox 573 3924 638 3992; x_wconf 81' lang='lat'><strong>334;</strong></span> <span class='ocrx_word' id='word_1_303' title='bbox 658 3927 831 3986; x_wconf 80' lang='lat' dir='ltr'>Lehmkuhl,</span> <span class='ocrx_word' id='word_1_304' title='bbox 847 3925 888 3992; x_wconf 88' lang='lat' dir='ltr'>Il,</span> <span class='ocrx_word' id='word_1_305' title='bbox 910 3943 938 3980; x_wconf 90' lang='lat' dir='ltr'>n.</span> <span class='ocrx_word' id='word_1_306' title='bbox 957 3926 1020 3979; x_wconf 87' lang='grc'><strong>226.</strong></span> 
     </span>
    </p>
   </div>
   <div class='ocr_carea' id='block_1_9' title="bbox 383 4031 1151 4101">
    <p class='ocr_par' dir='ltr' id='par_1_13' title="bbox 383 4031 1151 4101">
     <span class='ocr_line' id='line_1_36' title="bbox 383 4031 1151 4101; baseline 0.001 -15"><span class='ocrx_word' id='word_1_307' title='bbox 383 4032 422 4101; x_wconf 75' lang='lat'>(5)</span> <span class='ocrx_word' id='word_1_308' title='bbox 442 4033 470 4088; x_wconf 90' lang='lat' dir='ltr'>S.</span> <span class='ocrx_word' id='word_1_309' title='bbox 489 4031 527 4086; x_wconf 88' lang='lat' dir='ltr'>R.</span> <span class='ocrx_word' id='word_1_310' title='bbox 548 4033 580 4087; x_wconf 82' lang='grc' dir='ltr'><strong>Ο.</strong></span> <span class='ocrx_word' id='word_1_311' title='bbox 598 4033 634 4086; x_wconf 80' lang='grc'>26</span> <span class='ocrx_word' id='word_1_312' title='bbox 654 4031 728 4086; x_wconf 89' lang='lat' dir='ltr'>Maii</span> <span class='ocrx_word' id='word_1_313' title='bbox 750 4032 819 4086; x_wconf 79' lang='grc'><strong>1846</strong></span> <span class='ocrx_word' id='word_1_314' title='bbox 840 4039 870 4086; x_wconf 91' lang='lat' dir='ltr'>et</span> <span class='ocrx_word' id='word_1_315' title='bbox 892 4032 925 4086; x_wconf 80' lang='lat'>14</span> <span class='ocrx_word' id='word_1_316' title='bbox 945 4031 1050 4086; x_wconf 85' lang='lat' dir='ltr'>Martii</span> <span class='ocrx_word' id='word_1_317' title='bbox 1074 4031 1151 4088; x_wconf 82' lang='grc'><strong>1861.</strong></span> 
     </span>
    </p>
   </div>
   <div class='ocr_carea' id='block_1_10' title="bbox 383 4139 1484 4212">
    <p class='ocr_par' dir='ltr' id='par_1_14' title="bbox 383 4139 1484 4212">
     <span class='ocr_line' id='line_1_37' title="bbox 383 4139 1484 4212; baseline 0.001 -17"><span class='ocrx_word' id='word_1_318' title='bbox 383 4141 424 4212; x_wconf 88' lang='grc'>(6)</span> <span class='ocrx_word' id='word_1_319' title='bbox 444 4140 472 4194; x_wconf 85' lang='lat' dir='ltr'>S.</span> <span class='ocrx_word' id='word_1_320' title='bbox 491 4139 529 4195; x_wconf 88' lang='lat' dir='ltr'>R.</span> <span class='ocrx_word' id='word_1_321' title='bbox 548 4140 581 4195; x_wconf 86' lang='lat' dir='ltr'>O.</span> <span class='ocrx_word' id='word_1_322' title='bbox 601 4141 633 4194; x_wconf 82' lang='lat'>11</span> <span class='ocrx_word' id='word_1_323' title='bbox 654 4139 736 4194; x_wconf 89' lang='lat' dir='ltr'>lunii</span> <span class='ocrx_word' id='word_1_324' title='bbox 768 4141 845 4207; x_wconf 83' lang='lat'>1629,</span> <span class='ocrx_word' id='word_1_325' title='bbox 874 4157 903 4196; x_wconf 88' lang='lat' dir='ltr'>u.</span> <span class='ocrx_word' id='word_1_326' title='bbox 931 4141 999 4209; x_wconf 73' lang='lat' dir='ltr'>eos,</span> <span class='ocrx_word' id='word_1_327' title='bbox 1027 4139 1137 4211; x_wconf 75' lang='lat' dir='ltr'>2Apr.</span> <span class='ocrx_word' id='word_1_328' title='bbox 1157 4139 1236 4205; x_wconf 69' lang='lat' dir='ltr'>iarn</span> <span class='ocrx_word' id='word_1_329' title='bbox 1268 4141 1302 4194; x_wconf 87' lang='grc'>12</span> <span class='ocrx_word' id='word_1_330' title='bbox 1322 4139 1389 4194; x_wconf 91' lang='lat' dir='ltr'>Ian.</span> <span class='ocrx_word' id='word_1_331' title='bbox 1409 4140 1484 4196; x_wconf 80' lang='grc'><strong>1897.</strong></span> 
     </span>
    </p>
   </div>
   <div class='ocr_carea' id='block_1_11' title="bbox 310 4227 1486 4389">
    <p class='ocr_par' dir='ltr' id='par_1_15' title="bbox 310 4227 1486 4389">
     <span class='ocr_line' id='line_1_38' title="bbox 310 4227 1486 4300; baseline -0.004 -13"><span class='ocrx_word' id='word_1_332' title='bbox 310 4232 441 4287; x_wconf 80' lang='lat' dir='ltr'>Constat</span> <span class='ocrx_word' id='word_1_333' title='bbox 462 4237 563 4284; x_wconf 90' lang='lat' dir='ltr'>autem</span> <span class='ocrx_word' id='word_1_334' title='bbox 588 4236 650 4284; x_wconf 84' lang='lat' dir='ltr'>tres</span> <span class='ocrx_word' id='word_1_335' title='bbox 679 4230 801 4286; x_wconf 89' lang='lat' dir='ltr'>cubitos</span> <span class='ocrx_word' id='word_1_336' title='bbox 821 4247 888 4285; x_wconf 85' lang='lat' dir='ltr'>esse</span> <span class='ocrx_word' id='word_1_337' title='bbox 908 4247 1002 4284; x_wconf 89' lang='lat' dir='ltr'>unum</span> <span class='ocrx_word' id='word_1_338' title='bbox 1021 4236 1150 4284; x_wconf 86' lang='lat' dir='ltr'>metrum</span> <span class='ocrx_word' id='word_1_339' title='bbox 1179 4228 1398 4300; x_wconf 85' lang='lat' dir='ltr'>longitudinis.</span> <span class='ocrx_word' id='word_1_340' title='bbox 1425 4227 1486 4284; x_wconf 73' lang='lat' dir='ltr'>afr.</span> 
     </span>
     <span class='ocr_line' id='line_1_39' title="bbox 313 4319 664 4389; baseline 0.006 -15"><span class='ocrx_word' id='word_1_341' title='bbox 313 4321 444 4386; x_wconf 82' lang='lat' dir='ltr'>Ferruts,</span> <span class='ocrx_word' id='word_1_342' title='bbox 465 4337 511 4389; x_wconf 90' lang='lat' dir='ltr'>op.</span> <span class='ocrx_word' id='word_1_343' title='bbox 531 4319 582 4376; x_wconf 86' lang='lat' dir='ltr'>cit.</span> <span class='ocrx_word' id='word_1_344' title='bbox 602 4321 620 4374; x_wconf 84' lang='lat' dir='ltr'>l.</span> <span class='ocrx_word' id='word_1_345' title='bbox 641 4339 664 4376; x_wconf 89' lang='lat' dir='ltr'>c.</span> 
     </span>
    </p>
   </div>
   <div class='ocr_carea' id='block_1_12' title="bbox 0 0 1611 4898">
    <p class='ocr_par' dir='ltr' id='par_1_16' title="bbox 0 0 1611 4898">
     <span class='ocr_line' id='line_1_40' title="bbox 0 0 1611 4898; baseline 0 0"><span class='ocrx_word' id='word_1_346' title='bbox 0 0 1611 4898; x_wconf 95' lang='lat' dir='ltr'> </span> 
     </span>
    </p>
   </div>
  </div>
 </body>
</html>
