3198 4898
312 293 367 348 318

313 423 463 502 potestas
485 419 542 502 (1),
568 416 632 482 nisi
658 417 867 485 concordatis
890 419 945 484 vel
971 441 1013 484 ex
1048 414 1204 502 legitima
1242 414 1489 480 consuetudine

313 523 356 590 ab
380 523 534 590 Ecclesia
557 523 683 608 aliquis
708 524 820 590 civilis
844 524 1059 590 interventus
1082 522 1128 588 sit
1151 521 1333 608 permissus
1358 522 1421 602 (2).

405 629 533 697 Oausae
556 630 805 736 suppressioniq
826 654 896 696 esse
920 638 1061 716 possunt
1100 627 1254 714 paucitas
1289 627 1489 710 incolarum,

314 735 498 802 diminutio
521 736 694 804 redituum
717 737 796 804 talis
820 745 949 803 utnon
972 735 1078 823 possit
1101 757 1244 822 persona
1267 734 1469 800 sustentari.

404 843 500 908 Inter
522 843 752 911 solemnitates
774 867 855 930 ergo
878 851 929 910 est
951 843 1064 930 primo
1086 843 1158 909 loco
1182 841 1394 908 recensenda
1412 841 1490 906 haec

314 972 492 1016 causarum
515 949 693 1036 inquisitio
715 953 758 1018 ab
781 951 951 1038 Episcopo
974 950 1186 1017 instituendo.
1208 973 1270 1016 nec
1293 971 1365 1016 non
1395 971 1487 1014 voce·

313 1057 362 1124 tic
385 1057 522 1124 illorum
546 1079 690 1143 quorum
715 1081 893 1131 consensus
918 1057 1116 1143 requiritur,
1141 1065 1201 1126 aut
1223 1056 1410 1123 consilium
1445 1061 1489 1119 est

313 1165 555 1248 audiendum(
582 1171 603 1248 ).
719 1239 721 1243 ,

402 1271 445 1336 In
468 1271 579 1356 specie
602 1272 628 1336 si
654 1279 779 1358 agatur
801 1273 842 1338 de
866 1270 1084 1358 suspensione
1108 1271 1327 1338 canonicatus
1364 1269 1405 1334 in
1440 1289 1485 1332 ec-

313 1377 414 1442 clesie
437 1377 626 1463 collegiata,
651 1377 804 1463 exigitur
827 1401 1011 1444 consensus
1030 1377 1182 1463 Capituli
1218 1375 1424 1461 collegiatae
1456 1379 1485 1436 et

312 1505 475 1550 consensu
498 1484 668 1570 Capitulis
691 1485 895 1551 cathedralis
920 1487 977 1569 (4).

316 1631 322 1646 -
406 1593 479 1656 152.
497 1588 723 1660 Translatio
741 1591 893 1658 beneficii
910 1613 977 1676 qua
992 1591 1116 1656 titulus
1131 1589 1223 1656 illius
1239 1588 1306 1656 alio
1324 1588 1486 1655 transfer-

312 1703 371 1763 tur
394 1721 461 1764 non
485 1697 588 1764 habet
611 1697 777 1764 rationem
801 1697 1046 1784 suppressionis
1074 1700 1119 1780 (ὃ)
1156 1697 1260 1763 immo
1299 1696 1424 1762 stricte
1445 1696 1484 1759 lo

312 1805 445 1890 quendo
469 1826 578 1890 neque
601 1803 841 1890 innovationis,
867 1803 947 1890 quia
970 1803 1068 1889 iuro,¹
1082 1811 1267 1892 proventus
1291 1809 1326 1868 et
1360 1801 1483 1887 obliga·

314 1910 423 1991 tiones¹
446 1911 488 1976 ob
511 1910 735 1977 mutationem
759 1911 822 1977 loci
845 1934 914 1977 non
936 1911 1173 1977 immutantur.

323 2003 325 2007 ’
404 2019 463 2084 Ius
486 2017 589 2083 habet
613 2017 853 2102 transferendi,
889 2017 944 2083 cui
969 2017 1207 2104 competit'ius
1230 2017 1400 2103 erigendi;
1439 2038 1481 2080 re·

312 2123 464 2209 quiritur
487 2131 603 2190 tamen
625 2123 717 2190 iuste
740 2147 850 2209 causa,
875 2125 926 2188 uti
950 2127 1126 2190 necessitas
1150 2125 1205 2190 vel
1227 2125 1362 2190 evidens
1401 2123 1480 2188 atili·

314 2238 377 2296 tas.
401 2229 639 2296 Solemnitates
662 2238 776 2296 eutem
800 2231 982 2296 servandas
1016 2231 1139 2296 statuit
1161 2230 1263 2297 Cone.
1299 2231 1395 2297 Trid.
1432 2229 1480 2308 (6)

320 2367 335 2396 α
359 2337 521 2424 Episcopi
544 2337 648 2403 etiem
672 2345 846 2424 tamquam
876 2339 972 2405 Sedis
994 2339 1199 2425 apostolicae
1214 2339 1366 2425 delegati
1383 2345 1479 2404 traus-

311 2445 403 2512 ferre
444 2445 574 2531 possint
599 2445 761 2511 beneficia
784 2445 954 2531 simplicia
977 2445 1082 2512 etiam
1105 2445 1190 2512 iuris
1213 2453 1417 2532 patronatus
1442 2465 1476 2508 ex

312 2551 473 2635 ecclesiis,
497 2574 584 2636 quae
607 2559 776 2625 vetustate
800 2551 855 2618 vel
879 2553 963 2618 alies
987 2549 1153 2639 collapsae
1176 2553 1245 2618 sint
1263 2561 1297 2620 et
1313 2553 1356 2619 ob
1373 2571 1479 2618 earum

313 2659 465 2745 inopiam
488 2667 659 2744 nequeant
682 2657 876 2744 instaurari,
904 2659 1030 2726 vocatis
1068 2659 1120 2742 iis,
1156 2682 1300 2745 quorum
1334 2659 1476 2738 interest,

313 2768 351 2833 in
374 2765 532 2832 matrices
554 2773 615 2832 aut
638 2766 721 2832 alias
744 2766 900 2832 ecclesias
924 2767 1073 2832 locorum
1104 2767 1299 2832 eorumdem
1321 2789 1382 2832 seu
1406 2760 1478 2829 vici-

313 2875 457 2958 niorum,
482 2871 625 2938 arbitrio
648 2895 717 2955 suo;
741 2880 844 2958 atque
867 2871 904 2938 in
927 2871 1053 2938 eisdem
1076 2872 1226 2938 ecclesiis
1248 2871 1386 2957 erigant
1406 2871 1477 2936 slte-

312 2979 442 3064 rinvel
467 2979 637 3064 ceppellas
660 2978 871 3044 transferant
893 3001 970 3043 cum
993 2978 1149 3044 omnibus
1184 2977 1420 3044 emolumentis
1449 2979 1477 3038 et

311 3085 481 3168 oneribus²
507 3084 679 3170 prioribus
702 3083 852 3150 ecclesiis
876 3083 1054 3168 impositis.
1080 3111 1099 3144 a

1553 687 1555 756 l

384 3281 424 3350 (ll
446 3280 560 3334 Contra
588 3277 833 3350 suppressionem
855 3277 1071 3332 beneficiorum
1092 3297 1110 3332 a
1130 3279 1281 3349 gubernio
1301 3279 1386 3334 civili
1408 3277 1435 3331 io
1453 3273 1473 3325 l·

310 3370 387 3426 talia
408 3375 611 3440 perpetratam
624 3367 693 3421 vide
713 3367 811 3422 Alloc.
833 3371 878 3424 Pa·
899 3369 953 3433 IX,
972 3369 1008 3422 20
1028 3362 1108 3438 Sept.
1131 3369 1207 3423 1867.
1228 3367 1291 3424 cfr.
1311 3366 1474 3438 Die-Anysis

311 3479 359 3532 op.
379 3460 420 3514 cit
450 3459 507 3526 111,
528 3459 575 3511 tit.
595 3457 630 3524 V,
650 3474 678 3512 n.
698 3457 741 3512 28.

384 3565 422 3631 (2)
444 3565 505 3620 Cfr.
526 3567 627 3630 Nessi,
648 3561 875 3617 Consentiones
896 3570 952 3620 etc.
971 3580 1040 3633 pag.
1061 3565 1120 3619 106.

387 3671 426 3740 (3)
446 3675 572 3726 Leuren.
591 3671 611 3724 l.
630 3689 654 3725 c.
674 3689 701 3740 q.
719 3671 772 3726 968
791 3685 873 3741 seqq.

383 3779 425 3849 (4)
443 3777 528 3831 Trid.
553 3793 628 3832 sess.
649 3776 764 3844 XXIV,
794 3794 818 3832 c.
849 3778 882 3832 15
914 3776 950 3830 de
976 3775 1040 3845 ref.;
1071 3760 1267 3846 Manacorda‚
1289 3797 1337 3851 op.
1357 3779 1404 3834 cit.
1421 3789 1469 3829 ec

313 3884 342 3922 n.
361 3868 424 3921 698.

383 3976 420 4040 (5)
440 3972 507 4028 Nisi
528 3973 560 4027 in
581 3973 827 4053 Episcopetibus‚
850 3973 881 4027 in
902 3972 1013 4044 quibus
1033 3972 1143 4028 titulus
1164 3974 1234 4029 eccl.
1256 3975 1388 4030 cathedr.
1406 3967 1469 4042 prio·

311 4064 355 4119 ris
375 4081 393 4118 a
418 4065 448 4118 S.
470 4063 545 4118 Sede
565 4063 711 4134 supprimi
733 4069 763 4118 et
784 4063 845 4117 ulie
865 4063 995 4118 ecclesia
1015 4062 1045 4118 in
1061 4063 1122 4118 elio
1141 4063 1207 4118 loco
1227 4063 1258 4118 in
1279 4060 1467 4119 cathedralem

312 4153 391 4224 erigi
412 4153 500 4209 solet.
520 4152 582 4208 Cfr.
600 4156 733 4220 Aichner,
753 4171 801 4224 op.
821 4153 873 4208 cit.
892 4171 919 4222 p.
937 4152 999 4218 280,
1019 4159 1082 4208 not.

383 4261 424 4332 (6)
444 4261 524 4315 Sese.
542 4265 624 4328 XXI,
645 4278 669 4316 e.
689 4262 714 4330 7,
735 4262 771 4316 de
791 4261 845 4316 ref.
