3266 4896
289 261 341 317 118

287 385 468 452 subiicitur
484 390 531 467 (1)
545 391 586 472 p)
604 387 813 470 probibendi,
823 386 1018 470 1666116611,
1034 385 1219 470 corrigendi
1234 391 1265 448 61
1280 383 1452 448 statuendi

289 490 519 576 quaecumque
531 490 573 555 ad
584 499 815 556 sacrosantum
828 490 950 555 Missae
961 488 1165 555 sacrificium
1176 496 1368 574 opportuna
1381 485 1457 552 visa

289 597 429 679 fuerint,
453 605 555 682 atque
589 598 632 663 ad
665 621 704 662 ea
726 597 890 664 inviolate
913 597 1079 662 servanda
1101 595 1204 662 etiem
1228 594 1378 660 censuris
1402 615 1456 658 ec·

289 703 493 788 olesiastiois,
518 703 661 790 aliisque
683 704 799 790 poenis
822 727 909 789 quae
930 703 1067 769 illorum
1082 702 1224 768 arbitrio
1246 701 1452 768 constituen-

290 817 356 894 tur;
390 810 524 876 fidelem
557 811 720 897 populum
756 812 972 902 compellendi
1001 833 1068 876 non
1102 809 1314 876 obstantibus
1351 806 1461 894 privi-

289 917 397 1003 legiis,
433 917 723 1002 exemptionibus,
760 916 1045 1002 appellationibus
1079 940 1118 982 ac
1154 914 1457 981 consuetudinibus

289 1023 560 1109 quibuscumque
583 1027 638 1108 (2).

381 1133 455 1195 131.
479 1129 534 1214 Ad
558 1130 765 1196 evidentiam
799 1129 909 1215 igitur
941 1136 1045 1216 patet,
1081 1131 1169 1215 quod
1194 1128 1383 1215 Episcopus
1407 1134 1464 1193 est

290 1237 328 1301 in
350 1236 513 1322 Ecclesia,
538 1236 627 1303 sicut
660 1236 795 1322 genitor
817 1235 853 1302 111
877 1235 1002 1321 genitis
1025 1235 1103 1320 suis,
1133 1243 1167 1301 et
1190 1235 1298 1322 geniti
1322 1241 1401 1300 sunt
1423 1235 1462 1300 in

291 1344 460 1430 Episcopo
481 1343 571 1408 siout
592 1345 628 1408 in
650 1343 813 1428 genitore,
836 1343 886 1409 ita
907 1350 947 1408 ut
959 1367 1123 1429 generans
1134 1351 1168 1410 et
1184 1343 1337 1428 generati
1354 1366 1463 1408 unum

291 1451 440 1516 efficiant
463 1473 594 1536 corpus,
618 1451 718 1516 unico
733 1450 844 1536 capite
864 1449 901 1515 in
917 1451 1076 1516 universo
1095 1473 1232 1536 corpore
1255 1450 1459 1536 imperante,

291 1557 454 1624 nimirum
489 1558 623 1625 01111616
651 1559 728 1624 Iesu
751 1581 812 1644 per
849 1559 1043 1643 pontificem
1077 1558 1275 1642 Maximum,
1300 1557 1359 1643 qui
1382 1557 1462 1622 11111·Ι

292 1689 409 1730 versae
432 1673 564 1751 praeest
587 1665 760 1732 Ecclesiae
784 1668 842 1748 (3).
1076 1741 1077 1744 Ἴ

345 1793 346 1799 ’
383 1773 447 1838 Ast
469 1773 507 1838 in
529 1795 565 1838 16
588 1773 676 1838 tanti
700 1773 860 1838 momenti
883 1773 965 1858 quid
988 1772 1157 1838 tutissime
1180 1771 1392 1837 sentiendum
1416 1773 1466 1838 ab

292 1902 349 1946 ore
373 1879 431 1945 SS.
455 1881 498 1945 D.
521 1881 562 1945 N.
587 1881 708 1946 Leonis
721 1881 783 1964 Pp.
796 1880 889 1944 XIII
905 1879 1081 1944 audiamus
1104 1881 1165 1963 (4):
1192 1878 1320 1944 «Sicut
1344 1879 1465 1944 Ponti·

294 1986 352 2050 fex
374 1986 548 2052 Romanus
581 1985 686 2051 totius
709 1994 760 2050 661
783 1985 955 2051 Ecclesiae
978 1985 1141 2071 magister
1163 1993 1198 2050 61
1218 1985 1385 2071 princeps,
1409 1985 1466 2052 ita

293 2091 453 2178 Episcopi
489 2101 634 2159 rectores
669 2102 704 2158 et
737 2094 849 2179 capita
883 2103 963 2158 sunt
996 2093 1234 2178 Ecclesiarum,
1272 2115 1356 2178 quas
1391 2093 1461 2160 rite

293 2199 419 2285 singuli
444 2201 486 2266 ad
510 2201 696 2285 gerendum
727 2212 939 2286 acceperunt.
976 2201 1044 2267 Eos
1077 2201 1114 2265 in
1137 2225 1197 2266 sua
1220 2223 1387 2285 quemque
1411 2200 1467 2266 di-

294 2307 385 2372 tione
408 2307 461 2372 ius
495 2315 545 2372 est
575 2331 738 2393 praeesse,
764 2307 941 2394 corrigere,
967 2309 1222 2394 generatimque
1245 2309 1286 2373 de
1310 2308 1351 2373 iis
1375 2330 1468 2393 quae

294 2437 372 2478 ere
396 2414 581 2480 christiana
615 2439 685 2480 6666
720 2415 909 2500 videantur,
942 2417 1131 2481 decernere.
1156 2415 1344 2500 Participes
1367 2415 1463 2482 enim

293 2527 375 2586 sunt
397 2543 510 2586 sacrae
534 2521 720 2606 potestatis,
745 2543 847 2606 quam
871 2521 1025 2587 Christus
1048 2521 1214 2588 Dominus
1237 2547 1257 2588 a
1281 2523 1383 2588 Patre
1407 2547 1467 2588 ao-

295 2635 428 2714 ceptam
452 2628 622 2694 Ecclesiae
646 2648 725 2692 suae
748 2628 897 2712 reliquit:
921 2653 1061 2714 eamque
1096 2629 1137 2695 ob
1173 2653 1309 2694 oausam
1332 2630 1463 2714 Grego-

296 2735 367 2800 rius
390 2734 444 2798 IX
468 2735 629 2800 Decessor
644 2735 767 2800 Noster
785 2734 970 2820 Episcopos
987 2735 1120 2820 inquit:
1145 2738 1180 2801 iu
1187 2745 1326 2821 purtem
1338 2737 1464 2802 sollici-

290 2843 422 2926 tudinis
444 2849 574 2906 occatos
596 2843 681 2906 vices
707 2843 769 2906 Dei
781 2865 892 2928 perere
904 2845 1038 2908 16161616
1050 2845 1243 2908 dubitamus
1259 2847 1315 2926 (ὅ).
1341 2845 1457 2928 Atque

295 2949 488 3020 huiusmodi
511 2935 658 3035 potestas
693 2950 872 3036 Episcopis
895 2949 945 3017 est
968 2976 1099 3018 summa
1123 2976 1200 3018 oum
1222 2947 1386 3018 'utilitate
1408 2975 1464 3018 eo-

295 3079 381 3140 rum,
406 3055 440 3120 iu
465 3079 547 3140 quos
581 3065 758 3123 exercetur
780 3059 869 3124 data:
909 3065 1040 3143 spectat
1070 3060 1160 3125 enim
1185 3068 1308 3126 natura
1332 3083 1392 3124 sua
1415 3063 1466 3126 ud

295 3164 557 3250 aedificationem
592 3165 740 3248 corporis
780 3165 916 3249 Christi,
946 3165 1157 3250 ¹perficitque
1195 3175 1234 3231 ut
1272 3165 1466 3252 Episcopus

296 3269 448 3354 quisque,
473 3268 647 3335 cuiusdam
661 3269 771 3335 instar
793 3271 931 3354 vinculi,
948 3271 1149 3338 chrIstiauos
1172 3273 1295 3358 quibus
1318 3281 1465 3359 praeest,

295 3368 331 3441 et
353 3377 443 3442 inter
465 3401 500 3442 se
522 3393 556 3442 et
579 3401 655 3442 cum
680 3379 843 3444 Pontifioe
866 3380 1025 3464 Maximo,
1053 3388 1227 3466 tamquam
1251 3403 1328 3446 cum
1352 3381 1467 3467 capite

296 3484 448 3548 membra
481 3483 568 3568 fidei,
608 3484 827 3570 caritatisque
858 3487 1091 3552 communione
1114 3489 1291 3555 consociet.
1330 3479 1379 3554 In'
1396 3511 1465 3572 quo

290 3692 294 3712 ‘
368 3703 593 3786 (1)‘O..Nuuus
611 3721 738 3785 omnino,
759 3717 842 3786 xv1,
860 3737 888 3790 q.
918 3719 987 3788 vn;
1008 3717 1089 3774 rso.
1114 3735 1189 3774 sess.
1210 3720 1312 3788 xxu,
1334 3738 1359 3775 0.
1376 3723 1404 3786 e,
1424 3721 1464 3775 uo

292 3803 416 3862 reform.

287 3918 291 3926 '
368 3911 409 3982 (2)
430 3913 520 3969 Ceno.
539 3911 621 3967 Trio.
641 3913 727 3967 Decr.
746 3913 784 3966 de
804 3913 915 3968 celebr.
934 3913 1047 3968 Missae
1067 3915 1098 3968 iu
1118 3914 1170 3971 fio.

368 4011 872 4091 (3)Mana00rua.0p.0u.n.13.
1207 3998 1208 4003 ‘
1248 4003 1250 4007 ’

288 4193 291 4200 ¹
369 4127 410 4197 (4)
429 4127 530 4198 Episc.
548 4127 674 4198 Encycl.
695 4149 711 4182 «
732 4130 807 4185 Cum
827 4134 924 4185 multa
942 4134 1001 4186 siut
1022 4149 1045 4195 ›,
1063 4131 1081 4184 8
1100 4131 1171 4184 Dec.
1192 4132 1270 4186 1882.

370 4236 409 4306 (ὅ)
430 4235 528 4306 Epist.
549 4235 717 4304 CXCVIII,
737 4236 791 4294 lib.
811 4237 852 4290 13.
