3200 4890
307 278 362 335 420

307 411 343 462 ut
363 406 444 482 piam
469 403 655 463 Societatem
675 414 816 464 votorum
837 404 1033 482 simplicium,
1054 408 1108 465 cub
1129 409 1274 480 rapiantur
1306 407 1477 464 Moderato

305 509 350 560 ric
369 503 528 582 pendulis,
563 504 650 561 sulca
687 503 921 563 ordinariorum
950 506 1228 581 irradiansque
1262 505 1410 578 formam
1431 521 1473 560 su·

306 618 429 658 crorum
463 618 612 660 munaum
632 605 659 660 ct
693 603 939 690 Apoapolicarum
971 606 1226 662 constitutionum.
1247 634 1288 644 -
1326 599 1467 658 Iamvero
1548 589 1549 616 ³

307 701 504 775 perspicuum
538 699 611 758 inde
632 699 677 778 fit,
714 699 792 760 tales
828 701 1078 762 Consociationes
1106 720 1205 777 neque
1226 704 1261 760 in
1292 704 1478 758 dioecesanis

306 799 437 874 censeri,
458 815 556 872 neque
578 797 740 875 Episcopis
762 800 888 859 subesse
907 819 997 878 posse
1019 803 1080 858 nisi
1102 803 1189 858 intra
1210 797 1290 858 fines
1329 798 1477 856 dioecesis

307 897 464 969 cuiusque,
486 895 631 954 incolumi
647 904 750 956 temen
772 902 908 975 supremi
923 898 1099 958 earumdem
1113 897 1324 956 Moderatoris
1341 895 1474 952 admini-
1497 882 1501 888 ⁴

308 994 460 1050 stratione
491 1011 526 1051 ac
559 996 719 1070 regimine.
752 987 821 1069 Qua
855 999 954 1071 igitur
974 1000 1095 1054 ratione
1125 997 1255 1054 summis
1287 996 1472 1053 societatum

308 1087 418 1147 harum
439 1089 640 1150 Praesidibus
661 1094 694 1149 in
716 1091 936 1169 Episcoporum
958 1095 1026 1152 iura
1047 1100 1080 1152 et
1101 1099 1287 1170 potestatem
1310 1089 1409 1149 nefas
1429 1092 1471 1145 est

308 1185 467 1264 invader03
488 1187 594 1247 eadem
615 1189 760 1265 Episcopi
775 1191 980 1266 prohibentur
1001 1209 1039 1248 ne
1061 1191 1135 1267 quid
1150 1191 1209 1249 sibi
1231 1190 1270 1248 de
1292 1186 1476 1247 Praesidum

309 1285 445 1358 ipsorum
466 1289 651 1345 auctoritate
672 1297 828 1366 arrogent.
840 1288 934 1348 Secus
954 1291 1076 1348 enimsi
1090 1288 1190 1365 fieret,
1206 1294 1252 1348 tot
1263 1287 1475 1347 moderatores

309 1382 381 1439 istis
402 1379 700 1459 congregationibus
715 1387 906 1462 accederent,
928 1394 1003 1461 quot
1022 1387 1177 1464 Episcopi,
1192 1405 1323 1461 quorum
1340 1386 1377 1442 in
1391 1382 1472 1440 dioe-

306 1479 428 1537 cesibus
448 1480 566 1539 alumni
586 1500 692 1540 earum
715 1490 889 1560 versentur3
911 1492 1073 1559 actumque
1101 1492 1185 1542 esset
1206 1485 1243 1542 de
1265 1482 1473 1540 administra·

309 1577 403 1634 tionis
424 1581 545 1636 unitate
560 1597 596 1636 ac
617 1581 787 1656 regiminis.
809 1615 847 1622 -
869 1579 1056 1640 Concordem
1071 1591 1163 1656 atque
1177 1583 1361 1638 unanimem
1388 1577 1477 1635 Prae·

308 1673 409 1732 sidum
430 1673 709 1752 Congregationum
724 1684 816 1752 atque
831 1679 1051 1754 Episcoporum
1072 1681 1290 1737 auctoritatem
1304 1695 1379 1736 esse
1395 1693 1475 1750 opor-

308 1777 363 1849 tet3
384 1777 417 1830 at
438 1773 506 1831 ideo
527 1793 651 1832 neeesse
672 1782 721 1833 est
748 1775 863 1834 alteros
886 1776 1053 1834 alterorum
1075 1779 1143 1834 iura
1177 1793 1365 1852 pernoscere
1387 1782 1474 1847 atque

308 1871 431 1946 integra
452 1871 617 1930 custodire.
666 1883 670 1890 “
695 1881 701 1886 ”

387 1967 426 2026 Id
457 1975 560 2027 autem
591 1977 636 2046 ut,
663 1973 747 2028 omni
778 1971 919 2028 submota
953 1973 1173 2048 controversia,
1194 1970 1285 2046 plene
1308 1973 1345 2028 in
1377 1975 1473 2044 poste-

308 2086 376 2124 rum
396 2065 461 2144 fiat,
482 2074 515 2125 et
536 2073 571 2125 ut
591 2067 781 2126 Antistitum
803 2087 959 2127 sacrorum
980 2073 1129 2146 potestas,
1144 2089 1235 2144 quam
1258 2067 1334 2144 Nos,
1359 2070 1406 2124 uti
1422 2083 1473 2140 par

305 2163 364 2242 est,
398 2165 579 2224 inviolatam
610 2185 826 2241 usquequaque
847 2167 997 2240 volumus,
1019 2165 1100 2224 nihil
1133 2169 1256 2242 uspiam
1286 2161 1471 2224 detrimenti

306 2265 429 2340 capiat3
450 2282 488 2322 ex
510 2263 648 2321 consulto
669 2267 750 2322 sacri
772 2263 899 2323 Consilii
923 2264 1085 2340 Episcopis
1107 2283 1143 2322 ac
1174 2264 1409 2342 Religiosorum
1432 2278 1473 2317 or·

306 2359 433 2419 dinibus
453 2364 632 2438 praepositi,
652 2361 712 2420 duo
733 2365 1012 2438 praescriptionum
1023 2365 1126 2439 capita
1147 2363 1267 2421 edicere
1289 2365 1396 2420 visum
1417 2366 1470 2432 est;

306 2457 439 2517 alterum
459 2457 498 2516 de
520 2457 745 2518 sodalitatibus
759 2479 836 2534 quae
852 2459 942 2518 Sedis
963 2460 1160 2535 Apostolicae
1174 2459 1467 2518 commendationem

307 2555 358 2614 vel
377 2557 629 2632 approbationem
663 2541 797 2616 nondum
819 2564 893 2616 sunt
914 2565 1083 2636 assecutae,
1118 2558 1250 2624 alterum
1273 2557 1312 2616 de
1349 2556 1468 2627 celeris,

306 2671 436 2728 quarum
458 2653 552 2713 Sedes
566 2654 744 2730 Apostolica
765 2655 816 2713 vel
831 2655 914 2736 leges
936 2657 1115 2732 recognovit
1128 2655 1179 2714 vel
1192 2656 1379 2713 institutum
1393 2669 1465 2708 com-

306 2751 466 2809 mendavit
486 2759 541 2810 aut
562 2753 757 2828 approbavit.

387 2848 488 2926 Caput
508 2853 641 2926 primum
663 2850 738 2908 haec
759 2849 853 2908 habet
874 2849 1036 2910 servanda:

428 2948 452 3007 Ι.
473 2948 620 3025 Episcopi
653 2953 702 3005 est
722 2948 893 3022 quamlibet
914 2966 1021 3006 recens
1052 2951 1157 3005 natam
1189 2945 1390 3006 sodalitatem
1411 2962 1465 3001 non

306 3045 392 3122 prius
413 3048 445 3102 in
466 3045 630 3105 dioecesim
661 3048 808 3122 recipere,
843 3064 934 3120 quam
962 3045 1047 3121 leges
1081 3047 1148 3103 eius
1169 3047 1462 3116 constitutionesque

304 3147 445 3220 cognorit
478 3147 612 3219 itemque
635 3145 785 3220 probarit3
807 3145 833 3201 si
868 3142 1016 3202 videlicet
1050 3161 1148 3217 neque
1170 3141 1242 3200 fidei
1271 3142 1464 3200 honestative

305 3263 431 3321 morum,
453 3262 551 3318 neque
572 3246 669 3301 sacris
690 3243 859 3300 canonibus
874 3250 906 3300 et
926 3241 1112 3300 Pontificum
1137 3241 1271 3300 decretis
1300 3241 1465 3300 adversen-

305 3349 366 3420 tur,
387 3348 420 3400 et
440 3345 468 3400 si
488 3348 560 3418 apte
582 3347 700 3400 statuto
714 3339 770 3398 fini
791 3343 987 3400 conveniant.

424 3439 470 3498 ΙΙ.
490 3440 604 3497 Domus
625 3437 712 3496 nulla
733 3457 880 3496 novarum
901 3437 1102 3495 sodalitatum
1123 3439 1205 3496 iusto
1230 3440 1297 3496 iure
1319 3435 1464 3496 fundabi-

304 3543 365 3613 tur,
387 3539 449 3594 nisi
470 3543 626 3595 annuente
647 3537 798 3612 probante
819 3534 980 3610 Episcopo.
1014 3531 1186 3610 Episcopus
1207 3553 1280 3593 vero
1312 3529 1460 3592 fundandi

305 3637 427 3692 veniam
448 3654 487 3693 ne
508 3637 678 3710 impertiat,
700 3636 762 3692 nisi
783 3635 984 3707 inquisitione
999 3631 1168 3707 diligenter
1188 3637 1258 3690 acta
1279 3632 1388 3707 quales
1408 3631 1464 3688 sint

304 3733 410 3806 quiid
431 3739 568 3808 poscant:
590 3753 630 3790 an
652 3739 735 3790 recte
757 3733 910 3807 probeque
931 3734 1078 3808 sentiant,
1100 3751 1141 3788 an
1175 3730 1344 3807 prudentia
1377 3746 1460 3807 prac-

304 3832 374 3906 diti,
395 3851 434 3889 an
455 3832 558 3890 studio
579 3831 705 3890 divinae
725 3829 851 3907 gloriae,
873 3848 1006 3904 suaeque
1028 3835 1060 3888 et
1080 3829 1200 3904 alienae
1242 3829 1356 3888 salutis
1377 3842 1460 3904 prae·

304 3935 393 4008 cipue
413 3929 510 3990 ducti.

423 4028 487 4086 III.
501 4029 655 4105 Episcopi,
688 4024 787 4101 quoad
808 4023 877 4082 fieri
911 4029 1019 4103 possit,
1043 4028 1145 4102 potius
1175 4045 1268 4102 quem
1289 4044 1403 4083 novam
1434 4023 1461 4076 in

302 4129 405 4204 aliquo
425 4144 538 4204 genere
573 4125 771 4184 sodalitatem
791 4123 926 4180 condant
947 4124 997 4182 vel
1031 4125 1212 4202 approbent,
1234 4124 1347 4184 utilius
1378 4135 1459 4179 uuam
