3198 4898
296 345 350 400 362

296 476 431 554 tempus
454 467 717 534 determinatum
741 468 793 534 ius
815 467 909 534 dicat
944 471 1001 550 (1).
1032 469 1062 533 3.
1087 454 1245 533 cosineaio
1278 487 1475 531 causarum.

297 597 383 660 quae
407 597 618 641 communem
641 574 767 648 hebent
797 572 1039 652 discussionem
1062 581 1100 639 et
1119 572 1364 640 definitionem.
1390 573 1477 638 Gon·

298 681 399 747 nexio
421 681 503 768 oriri
528 687 663 768 potest:
701 687 737 764 o)
766 683 913 746 ratione
931 701 1158 766 personarum
1179 687 1219 745 ut
1241 679 1393 745 habetur
1418 703 1471 744 em

297 809 349 874 gr.
374 788 510 873 quando
532 809 610 852 reus
634 785 832 853 reconvenit
847 795 1006 872 actorem,
1023 787 1078 852 vel
1092 785 1122 852 si
1137 794 1400 873 promoverem
1420 809 1480 851 ea·

297 894 374 960 dem
397 916 497 960 causa
520 894 683 960 adversus
706 893 821 979 plures
845 915 1015 978 personas
1044 895 1076 976 b)
1099 895 1225 960 ratim
1245 894 1477 979 dependam

296 1001 346 1067 ita
369 1008 409 1066 ut
432 1023 501 1066 una
530 999 603 1066 sine
626 1001 747 1066 eltera'
768 999 923 1085 cognosci
961 1009 995 1065 et
1017 999 1152 1067 definiri
1176 1021 1245 1066 nou
1267 1004 1385 1086 possit3
1421 999 1477 1064 nti

297 1131 329 1174 v.
347 1131 398 1194 gr.
415 1129 516 1173 causa
531 1107 747 1193 possessionis
759 1116 794 1173 et
810 1107 1029 1194 proprietatis
1045 1110 1101 1192 (2);
1125 1111 1157 1192 ο)
1180 1110 1304 1174 ratione
1325 1109 1476 1190 actionis,

297 1214 431 1300 quoties
453 1215 609 1281 diversae
633 1239 686 1281 res
709 1223 744 1281 et
766 1215 921 1281 diversae
938 1237 1058 1282 causae
1080 1215 1298 1285 continentur
1321 1213 1384 1280 sub
1404 1236 1476 1278 una

297 1321 448 1408 generali
472 1321 605 1388 actione
627 1343 679 1389 ex.
703 1344 755 1408 gr.
781 1323 906 1388 tutelae
930 1324 989 1404 (3),

790 1588 901 1634 ARTIO.
929 1589 980 1632 111.

547 1712 578 1774 le
600 1713 678 1774 lillis
697 1715 809 1774 camuli
828 1715 850 1774 Ιιι
870 1712 959 1773 liliola
978 1727 1022 1774 sol
1039 1714 1070 1775 la
1088 1727 1210 1789 prmissa

388 1889 462 1952 184.
489 1886 710 1956 processus
735 1887 763 1954 si
786 1889 933 1955 obiectioe
960 1895 1135 1974 spectatur
1157 1889 1369 1977 (procedure)
1392 1889 1474 1956 defi·
1576 1913 1577 1918 ¹

296 1992 364 2059 niri
388 2001 516 2078 potest:
543 1991 736 2080 Complosis
770 1995 873 2082 tipum
896 1997 1011 2082 quibas
1032 1995 1264 2064 determinatur
1285 1997 1401 2062 modus
1421 2016 1472 2060 co·

294 2101 462 2187 paoscendi
484 2109 515 2166 et
536 2101 710 2186 definiendi
731 2123 847 2167 cousus
869 2105 961 2187 opud
981 2104 1103 2168 iudices
1124 2103 1360 2170 mensionum

385 2209 562 2274 Saoiactive
595 2215 710 2273 autem
738 2209 805 2290 (ius
840 2211 1082 2295 processuale):
1123 2209 1318 2298 Complexus
1339 2220 1473 2277 actuum

295 2317 409 2402 quibos
431 2322 531 2397 actor,
555 2335 630 2380 reus
652 2323 682 2380 et
703 2317 802 2380 iudan
824 2318 960 2403 lcpitime
994 2325 1025 2382 et
1056 2320 1226 2404 respective
1258 2319 1293 2383 in
1317 2319 1476 2383 monicali

296 2424 369 2488 eccl.
394 2423 580 2487 incumbant
601 2424 636 2488 ia
659 2444 836 2488 causarum
858 2426 1062 2511 apitctionem
1085 2433 1115 2490 et
1136 2427 1358 2511 definitionem.

386 2527 442 2592 Ad
465 2529 688 2612 proceduram
700 2551 782 2614 ergo
798 2537 929 2614 spectat
945 2529 1171 2596 determinare
1193 2531 1231 2599 in
1253 2529 1374 2617 primis
1390 2551 1473 2616 quo·

295 2658 376 2702 nam
410 2635 528 2701 ordine
562 2636 717 2701 diversae
741 2635 989 2702 controversiae
1026 2637 1063 2702 iu
1087 2659 1222 2706 causam
1245 2637 1473 2724 principalem

297 2741 386 2808 forte
420 2741 608 2807 incidentes
631 2742 841 2807 definiendae
876 2741 955 2825 sint3
980 2751 1115 2828 tempus
1137 2743 1160 2810 i.
1183 2768 1212 2810 e.
1236 2743 1339 2810 ferias
1362 2753 1398 2810 et
1421 2745 1473 2810 di·

297 2848 449 2932 lationes
473 2851 594 2934 locum,
620 2848 849 2934 quantitatem
873 2857 936 2914 etc.

387 2956 503 3034 Quoad
525 2955 678 3021 ordinem
702 2955 935 3040 cognitionum
960 2964 1023 3021 hae
1046 2951 1183 3042 regulae
1206 2958 1341 3026 dantur:

389 3066 420 3142 l)
445 3062 648 3138 Quaestione
681 3065 715 3127 in
749 3065 834 3128 idem
857 3065 1013 3130 iudicium
1037 3067 1210 3132 incidentes
1229 3088 1264 3132 co
1286 3069 1399 3134 ordine
1421 3090 1473 3134 co

294 3170 402 3254 pnosci
436 3169 555 3250 debent,
579 3177 609 3234 ct
629 3176 754 3234 cavato
782 3172 968 3236 coronidem
990 3193 1076 3238 casu
1088 3174 1195 3259 lapion,
1208 3181 1245 3238 ut
1266 3195 1304 3240 ea
1318 3183 1393 3240 onte
1419 3197 1470 3242 co·

294 3284 466 3361 pausentur
488 3277 579 3340 caios
601 3277 759 3342 conclusio
786 3278 920 3342 inservit
941 3281 987 3344 ad
1009 3280 1111 3344 aliam
1132 3279 1345 3366 definiendam
1369 3285 1426 3364 (4).

385 3384 420 3462 2)
444 3381 481 3448 Si
503 3401 577 3447 vero
604 3384 800 3468 quaestiones
822 3385 995 3450 incidentes
1017 3405 1103 3450 neco
1124 3385 1224 3470 lupico
1245 3387 1331 3454 inter
1353 3410 1385 3454 se
1408 3412 1473 3456 non

296 3574 398 3734 privil.
430 3573 491 3629 Cir.
523 3575 634 3640 Devoli,
663 3575 766 3633 Instit.
797 3588 871 3633 tom.
902 3580 959 3646 ΙΙΙ,
984 3579 1113 3635 tit..IV.
1133 3581 1177 3634 De
1198 3579 1263 3635 foro
1283 3585 1471 3655 competenti

336 3663 437 3718 XVII.

369 3771 406 3834 (Ι)
426 3771 471 3824 Ex
492 3788 555 3841 cap.
576 3774 636 3826 let
654 3775 680 3829 2.
700 3774 744 3828 De
765 3773 900 3830 iudiciis.
919 3773 982 3831 efr.
1002 3779 1090 3848 Lepa,
1110 3777 1129 3831 1.
1150 3795 1175 3834 c.
1192 3795 1221 3832 n.
1239 3780 1303 3836 343.

368 3877 409 3944 (2)
429 3877 474 3929 Ex
494 3877 527 3931 L.
549 3878 589 3942 10,
611 3879 643 3934 O.
674 3880 718 3933 De
740 3879 875 3948 iudiciis;
895 3888 925 3934 ct
946 3882 978 3937 O.
997 3882 1012 3935 l
1032 3882 1069 3936 de
1089 3883 1191 3940 causis
1211 3886 1420 3955 possessionis
1440 3895 1473 3942 et

297 3965 442 4035 propriet.

368 4074 407 4142 (3)
427 4073 520 4141 Sonti,
541 4074 561 4128 Ι.
580 4091 605 4128 c.
625 4092 653 4127 n.
674 4075 707 4128 21
729 4092 821 4148 seqq.;
845 4080 887 4151 M.
908 4079 1059 4146 DoLuca,
1079 4079 1097 4132 l.
1118 4098 1142 4134 c.
1162 4081 1256 4136 11:38.

310 4270 335 4324 V
368 4183 405 4248 (4)
424 4185 498 4254 Arg.
519 4202 560 4238 cc.
580 4185 614 4238 19
634 4184 679 4239 De
699 4183 794 4240 Iudic.
815 4186 842 4238 X
863 4185 916 4255 (11,
937 4185 963 4252 Ι)
983 4191 1014 4240 et
1029 4187 1070 4253 12,
1091 4187 1135 4242 De
1156 4193 1232 4242 sent.
1252 4205 1369 4243 excom.
1387 4187 1419 4242 in
1434 4190 1474 4255 6⁰,

296 4274 307 4340 (
338 4313 344 4326 .
362 4271 417 4340 ll).
