3266 4896
1290 327 1339 378 111

161 449 318 536 petentia
338 447 470 532 iudicis,
506 473 548 514 ex
571 447 750 514 omissione
788 448 1042 516 solemnitatum
1078 449 1168 514 hunc
1197 449 1339 516 abusum

160 557 364 642 legitimare
394 564 545 642 possunt.
584 557 672 622 Nam
701 557 854 622 Ecclesia
893 565 932 622 ut
967 555 1109 622 societas
1151 555 1215 622 sibi
1247 557 1339 622 suffi-

160 665 256 732 ciens
287 672 321 730 et
342 663 574 749 independens
608 687 649 728 ex
673 687 708 729 se
742 662 893 728 iudicare
922 664 1014 730 valet
1044 663 1086 728 de
1113 663 1340 748 competentia

163 780 199 840 et
221 773 262 838 de
284 769 557 838 solemnitatibus
592 771 821 852 observandis;
847 779 948 856 atque
972 771 1015 836 ad
1057 771 1167 858 ipsam
1191 770 1341 856 pertinet

159 888 197 946 et
220 877 424 946 sententiam
458 876 595 943 irritam
617 877 790 944 declarare
823 877 851 942 si
876 885 972 968 extra
997 877 1143 944 formam
1166 901 1238 943 can.
1263 899 1339 964 pro·
1438 886 1442 893 '

162 987 234 1052 lata
257 987 311 1052 sit.

249 1092 431 1160 Nonnullis
464 1100 600 1158 tantum
629 1091 664 1158 in
699 1091 840 1177 casibus,
874 1092 910 1158 in
941 1091 1015 1158 iure
1039 1091 1199 1159 canonico
1221 1115 1333 1160 recen-

159 1200 238 1267 sitis
260 1203 317 1284 (1),
342 1199 468 1266 recurri
495 1198 576 1264 licet
599 1199 641 1264 ad
665 1199 787 1265 laicam
810 1207 1022 1286 potestatem,
1047 1200 1105 1264 sed
1129 1208 1209 1265 tuno
1226 1199 1338 1266 civilis

158 1305 347 1376 auctoritas
377 1304 442 1370 sibi
464 1303 518 1370 ius
540 1327 608 1370 non
633 1313 784 1390 arrogat,
818 1304 922 1371 immo
958 1304 1069 1370 officio
1092 1328 1152 1373 suo
1175 1305 1336 1392 fungitur

157 1421 329 1500 quatenus
351 1413 394 1478 ad
417 1419 540 1478 nutum
564 1410 738 1477 Ecclesiae
761 1419 795 1477 et
819 1412 1003 1478 secundum
1024 1411 1096 1478 eius
1121 1413 1334 1478 voluntatem

161 1528 322 1606 procurat
343 1527 383 1584 ut
406 1541 549 1585 canones
572 1527 749 1584 serventur
774 1541 793 1583 a
816 1518 962 1584 subditis
987 1519 1056 1584 suis
1079 1524 1089 1601 t
1115 1525 1134 1601 ).

254 1629 328 1692 125.
353 1625 599 1692 Ooaounamuu
623 1625 671 1690 ΙΙ.
696 1665 738 1674 --
762 1625 795 1691 S.
820 1625 981 1692 Pontifex
1008 1625 1062 1689 ius
1097 1625 1200 1690 habet
1233 1624 1337 1690 etiam

158 1732 204 1796 ad
228 1730 365 1797 civilem
388 1730 631 1816 principatum,
654 1753 755 1815 quem
771 1733 861 1796 Deus
877 1729 1042 1816 singulari
1068 1753 1129 1796 sua
1153 1729 1334 1816 providen-

158 1837 211 1904 tia
233 1837 264 1904 ei
289 1837 501 1904 adiudicavit
523 1837 559 1902 in
584 1829 727 1903 tutelam
743 1836 935 1924 pontificiae
953 1837 1143 1924 spiritualis
1167 1837 1336 1903 libertatis

155 1953 263 2030 atque
286 1945 477 2012 omnimode
500 1944 795 2031 independentiae.
953 1929 957 1938 ’

253 2051 371 2138 Origo
396 2090 438 2100 -·-
453 2052 507 2116 Ex
519 2052 649 2117 duabus
665 2051 858 2138 praecipuis
870 2051 979 2118 causis
991 2050 1104 2117 civilis
1120 2051 1334 2137 principatus

156 2159 194 2226 S.
219 2159 393 2225 Pontificis
415 2165 510 2224 ortus
533 2165 583 2223 est
606 2167 641 2223 et
663 2158 798 2244 coaluit,
814 2158 993 2242 sciliceta)
1017 2182 1058 2224 ex
1071 2167 1257 2244 spontanea
1279 2160 1334 2225 de-

155 2266 288 2332 ditione
322 2267 534 2352 populorum,
573 2275 607 2332 et
642 2269 671 2349 b)
705 2290 747 2331 ex
769 2265 966 2352 principum
988 2267 1179 2332 donatione.

249 2375 376 2440 Notum
400 2399 442 2440 ex
465 2373 609 2440 historia
633 2377 678 2457 (3)
702 2375 791 2460 quod
814 2374 851 2440 in
874 2373 1094 2440 dissolutione
1118 2373 1248 2440 romani
1272 2375 1335 2440 im-

156 2481 257 2568 perii,
282 2482 399 2568 populi
434 2481 623 2546 innumeris
646 2481 898 2548 calamitatibus
922 2481 1039 2567 pressi,
1066 2503 1142 2546 cum
1167 2481 1209 2546 ab
1232 2480 1336 2566 impe-

157 2588 329 2654 ratoribus
358 2587 506 2654 Orientis
540 2588 674 2653 nullum
697 2587 865 2653 auxilium
892 2595 1121 2673 expectarent,
1145 2589 1336 2673 (responde-

159 2695 244 2760 bant
267 2694 357 2760 enim
381 2693 614 2781 petitionibus,
641 2693 705 2759 sibi
729 2694 860 2760 meliori
886 2717 952 2779 quo
975 2703 1111 2780 possent
1135 2695 1234 2760 modo
1257 2717 1333 2760 con-

155 2802 321 2884 sulerent)
344 2803 457 2868 oculos
479 2801 517 2867 in
540 2801 725 2887 Episcopos
749 2810 784 2866 et
800 2800 1004 2886 praesertim
1024 2801 1059 2866 in
1082 2801 1117 2867 S.
1134 2800 1335 2868 Pontificem

231 3017 268 3080 (l)
288 3014 352 3072 (ΙΙΙ.
374 3017 532 3087 Canopeis,
552 3033 589 3086 op
619 3016 672 3070 cit.
692 3032 761 3086 pars
782 3015 822 3081 ΙΙ,
843 3033 869 3070 c.
888 3015 946 3070 111.
967 3033 993 3068 a.
1018 3018 1041 3082 l;
1063 3019 1195 3082 Bioncti,
1215 3034 1262 3086 op.
1283 3017 1335 3072 cit.

156 3105 213 3159 lib,
233 3104 255 3170 Ι,
275 3102 294 3178 ξ
316 3104 349 3161 V.
370 3105 418 3158 Ita
437 3123 486 3160 ex.
512 3123 557 3176 gr.
589 3105 721 3174 legimus
754 3105 960 3162 Athanasium
991 3123 1009 3158 a
1029 3105 1145 3176 synodo
1167 3107 1262 3176 Tyria
1283 3123 1335 3175 per
1397 3113 1400 3120 '

157 3209 309 3248 summum
323 3193 411 3248 nefas
431 3195 615 3260 damnatum,
635 3194 849 3250 Constantium
866 3195 1080 3266 imperatorem
1099 3195 1279 3266 implorasse
1300 3200 1334 3249 ut

156 3281 307 3336 adversus
327 3281 445 3337 iudices
465 3300 524 3336 non
546 3289 752 3353 competentes
781 3299 813 3337 se
846 3282 1034 3346 defenderet,
1056 3290 1085 3338 et
1106 3301 1198 3338 causa
1218 3301 1274 3338 sua
1293 3283 1334 3338 lo·

158 3369 279 3440 gitimis
310 3370 465 3426 iudicibus
497 3371 693 3426 discutienda
728 3379 958 3442 proponeretur.
990 3373 1053 3428 cfr.
1078 3377 1196 3440 Walter,
1216 3390 1263 3444 op.
1283 3372 1334 3428 cit.

155 3457 242 3531 §612
261 3466 291 3514 et
310 3463 446 3530 Phillips,
466 3459 506 3528 II,
526 3478 553 3531 p.
576 3461 637 3516 571.

229 3566 271 3638 (2)
284 3565 341 3620 «si
362 3567 378 3621 b
398 3567 556 3622 sconvolto
569 3567 701 3622 talvolta
718 3567 865 3638 l’origins
887 3586 902 3622 e
923 3567 1014 3622 l’idea
1034 3569 1064 3621 di
1085 3576 1192 3639 questo
1213 3569 1332 3638 dovere,

155 3653 204 3708 ait
223 3655 329 3711 Solaro
347 3658 428 3712 dello
449 3658 645 3727 Marpberiia,
665 3656 880 3711 Avvedimcnti
900 3657 1028 3728 politici,
1050 3675 1077 3713 c.
1096 3659 1137 3725 19,
1153 3675 1181 3712 u.
1199 3657 1224 3724 4,
1239 3675 1332 3728 quan-

156 3744 197 3798 do
217 3745 245 3799 si
265 3744 280 3798 e
300 3745 469 3799 scambiato
501 3745 531 3799 in
553 3745 669 3800 diritto.
702 3745 891 3817 Oompiendo
913 3747 935 3800 il
955 3747 1064 3802 dovere
1098 3747 1128 3800 di
1149 3753 1331 3818 proteggere

155 3833 189 3888 la
209 3831 329 3900 Ohiesa,
349 3833 359 3886 i
379 3833 505 3889 Sovrani
526 3833 729 3889 riconoscono.
745 3835 763 3888 l’
777 3836 912 3890 autoritb
932 3835 963 3890 di
978 3843 1087 3907 questa
1107 3854 1122 3890 e
1143 3853 1174 3890 ee
1189 3853 1226 3890 ne
1239 3835 1332 3890 fanno

156 3919 356 3976 idifensori:
384 3921 504 3992 quando
524 3922 711 3993 pretendono
745 3923 775 3976 di
802 3923 967 3978 esercitare
986 3941 1027 3978 un
1048 3923 1155 3978 diritto
1187 3924 1214 3978 si
1235 3923 1333 3979 consi·

155 4009 272 4064 derano
292 4009 331 4063 ad
345 4027 415 4064 esea
429 4010 588 4082 superiori,
604 4011 634 4064 la
649 4010 741 4065 fanno
754 4011 908 4068 schiava...
921 4031 946 4066 ».
967 4011 1029 4069 Cir.
1042 4012 1158 4084 pariter
1176 4015 1333 4083 Vittadiai,

155 4098 272 4170 Saggio
292 4098 323 4153 di
344 4099 459 4154 Dirittc
479 4099 623 4172 pubblico
643 4102 730 4170 eccl,
750 4118 777 4171 p.
796 4100 837 4168 II,
859 4119 886 4158 a.
904 4103 930 4169 2,
952 4120 988 4158 n.
1004 4103 1048 4157 92.

177 4257 180 4264 .
229 4206 266 4272 (3)
287 4204 350 4264 cfr.
371 4209 538 4280 Bruaenpo,
559 4206 687 4277 Origine
707 4205 789 4261 della
808 4209 967 4264 sovranitb
986 4209 1154 4280 temporale
1175 4209 1224 4264 dei
1245 4207 1335 4280 Papi.
