3220 4898
1291 334 1345 389 265
1399 387 1403 395 ,

260 451 372 522 Nota.
397 492 439 502 -
463 455 610 540 Reliqua
633 453 870 540 religiosorum
894 454 1076 541 privilegia
1114 457 1226 521 clausa
1250 479 1345 546 repe·

170 557 309 624 riantur
331 559 368 624 in
391 559 486 624 libris
509 582 626 626 eorum
649 559 922 646 privilegiorum.

634 932 788 998 CAPUT
811 933 880 998 ΙΙΙ.

451 1189 455 1196 ¹
503 1097 539 1174 ts
563 1097 661 1172 lituu
686 1095 845 1185 territur
871 1095 1005 1184 reatuin.

172 1367 174 1371 ·
260 1345 312 1408 93.
336 1345 364 1409 Ι.
388 1343 447 1411 De
473 1351 669 1430 potestate
694 1324 945 1436 superiorum
977 1343 1229 1430 regularium.

258 1452 394 1538 Duplex
427 1450 654 1536 distinguitur
687 1451 724 1515 in
747 1450 987 1536 Superioribus
1012 1450 1225 1536 regularibus
1250 1460 1341 1538 pote·

165 1566 247 1641 stas,
280 1560 486 1630 deminution
509 1581 567 1622 seu
591 1559 770 1624 domestica
793 1565 827 1624 et
850 1559 1138 1624 iurisdictionalie.

258 1665 411 1730 Potestas
433 1663 644 1730 dominativa
667 1671 718 1730 est
740 1664 793 1730 ius
816 1663 987 1749 dirigendi
1011 1665 1140 1730 sodales
1156 1667 1198 1730 ad
1218 1665 1342 1730 bonum

166 1795 345 1838 commune
380 1771 570 1837 sodalitatis
600 1779 635 1836 et
665 1773 803 1856 exurgit
842 1797 883 1837 ex
922 1779 1001 1837 voto
1035 1771 1244 1838 obedientiae
1277 1795 1343 1857 quo

166 1878 336 1965 Religiosi
359 1902 428 1944 sese
452 1879 513 1945 tali
537 1877 709 1964 Religioni
735 1877 961 1944 tradiderunt.

190 1989 201 2006 ‘
258 1990 411 2055 Potestas
448 1989 693 2056 iurisdictionis
730 1988 866 2076 proprie
904 1989 994 2052 dicta
1019 1993 1070 2052 est
1093 1985 1146 2051 ius
1170 1986 1341 2072 dirigendi

165 2097 320 2163 subditos
347 2096 384 2162 in
418 2097 535 2162 ordine
559 2097 731 2162 advitam
757 2105 939 2176 aeternam;
965 2095 1008 2160 ad
1032 2095 1144 2159 claves
1169 2093 1342 2160 Ecclesiae

164 2204 325 2289 pertinet,
351 2227 371 2268 a
398 2203 535 2269 Christo
563 2202 733 2268 Ecclesiae
768 2204 848 2268 data
871 2210 922 2267 est
945 2208 979 2266 et
1004 2224 1065 2286 per
1087 2199 1275 2268 Ecclesiam
1299 2201 1342 2266 ad

165 2310 366 2395 Superiores
389 2311 559 2396 regulares
582 2309 738 2376 derivata
762 2313 821 2392 (1).

258 2419 310 2484 94.
335 2417 495 2484 Gaudent
516 2419 579 2484 hac
614 2415 743 2502 duplici
768 2423 934 2502 potestate
950 2414 1139 2500 superiores
1175 2413 1342 2478 Ordinum

166 2525 304 2611 proprie
326 2532 560 2610 exemptorum
583 2523 711 2589 scilicet
735 2523 823 2589 votis
847 2521 1054 2588 solemnibus
1088 2528 1098 2603 (
1125 2526 1144 2601 );
1181 2520 1216 2584 in
1255 2520 1341 2586 Ocn-

239 2720 280 2792 (ll
299 2719 347 2774 Ad
376 2737 438 2774 rem
471 2723 589 2786 Sacrae,
618 2720 664 2773 De
692 2717 866 2788 Religione‚
895 2725 966 2772 tom.
985 2719 1010 2785 3,
1033 2717 1051 2771 l.
1071 2718 1096 2784 2,
1117 2735 1140 2771 c.
1174 2717 1215 2782 18,
1246 2735 1273 2772 n.
1307 2719 1341 2773 5:

165 2830 183 2862 a
203 2811 329 2880 Oportet
348 2809 600 2876 animadvertere,
620 2809 742 2862 nomine
761 2811 981 2875 iurisdictionis,
1002 2808 1032 2862 in
1067 2813 1226 2878 praesento
1247 2807 1342 2876 sigui·

166 2897 252 2952 ficari
273 2905 454 2970 potestatem
475 2897 667 2968 spiritualem
687 2897 725 2951 erl
745 2898 848 2952 eleves
870 2897 1107 2952 Ecclesiasticus
1128 2897 1342 2968 pertinentem,

166 2997 198 3046 et
218 2994 438 3059 consequenter
457 3004 475 3040 a
496 2986 618 3041 Christo
641 2986 771 3041 Domino
790 2987 892 3041 datam
911 2987 959 3042 vel
988 2987 1166 3054 derivatam,
1186 2987 1341 3042 mediante
1364 3045 1367 3054 ,

166 3077 290 3132 Vicario
319 3093 374 3130 suo
394 3075 442 3132 vel
472 3075 544 3130 aliis
563 3075 735 3146 Episcopis.
757 3077 814 3130 Per
834 3082 1017 3147 potestatem
1042 3083 1152 3130 autem
1179 3075 1342 3132 dominati·
1435 3135 1436 3138 Ἴ

167 3186 235 3223 vam
262 3166 396 3236 intelligi
411 3173 530 3236 oportet
555 3165 603 3220 ius
622 3165 805 3236 acquisitum
826 3166 972 3236 religioni
995 3174 1023 3220 et
1046 3167 1192 3236 praelatis
1213 3167 1280 3222 eius
1301 3167 1339 3221 ad

167 3256 376 3356 imperandam
391 3253 547 3323 religiosis
558 3261 588 3307 et
600 3254 746 3308 utendum
768 3253 911 3324 operibus
927 3271 1029 3308 eorum
1050 3264 1139 3326 prout
1154 3255 1341 3325 conveniens

168 3342 381 3400 iudicaverint.
406 3344 489 3412 Quas
510 3349 646 3412 potestas
667 3341 693 3396 si
718 3344 747 3396 in
769 3343 919 3410 religione
941 3333 1092 3412 reperitur
1114 3361 1173 3396 non
1207 3344 1340 3414 pertinet

168 3433 207 3488 ad
227 3433 338 3501 claves,
358 3451 413 3487 nec
433 3451 451 3486 a
470 3432 593 3490 Christo
624 3431 783 3486 descendit
806 3451 858 3501 per
890 3433 1055 3503 specialem
1085 3433 1279 3487 donationem
1301 3435 1339 3490 ab

165 3523 308 3580 Ecclesia
340 3523 453 3576 factam
472 3522 526 3576 aed
558 3528 625 3576 orta
644 3522 820 3577 radicaliter
841 3541 858 3576 a
879 3522 1036 3576 voluntate
1068 3521 1275 3592 profitentium
1296 3529 1339 3578 ta·

166 3613 226 3668 lem
244 3613 383 3682 regulam
404 3619 434 3666 et
454 3629 485 3666 se
500 3611 679 3666 donantium
700 3611 855 3681 religioni,
876 3629 944 3664 oum
958 3612 1164 3681 promissione
1178 3620 1208 3666 et
1222 3613 1340 3684 obliga·

166 3703 250 3757 tione
268 3701 431 3755 obediendi
452 3701 617 3756 secundum
638 3701 736 3756 illam.
754 3701 843 3757 Unde
865 3701 1063 3754 manifestum
1096 3709 1144 3756 est
1163 3701 1256 3756 talem
1289 3721 1339 3773 po-

166 3797 318 3857 testatem,
348 3791 373 3845 si
395 3797 452 3862 est,
472 3789 648 3844 distinctam
669 3808 736 3844 esse
751 3809 767 3843 a
781 3797 933 3861 potestate
954 3789 1094 3856 clavium,
1109 3799 1139 3844 et
1155 3809 1339 3862 consequen·

165 3888 213 3936 ter
232 3899 250 3934 a
269 3879 480 3934 iurisdictione
500 3879 620 3950 proprie
641 3880 723 3933 dicta
743 3885 773 3934 et
794 3879 941 3950 explicita
963 3880 1102 3950 quamvis
1124 3881 1288 3952 improprie
1308 3889 1339 3936 et

166 3969 294 4024 abusive
314 3967 465 4039 loquendo
486 3967 586 4022 vocari
608 3968 704 4038 possit
724 3967 898 4022 iurisdictio
925 3969 1116 4022 extendendo
1138 3969 1216 4024 banc
1236 3987 1338 4024 vocem

163 4058 205 4114 sd
224 4075 341 4112 omnem
367 4065 550 4128 potestatem
571 4058 739 4128 imperandi
770 4065 799 4112 ot
827 4059 956 4128 cogendi
978 4075 1067 4128 quarn
1087 4057 1181 4112 habet
1202 4067 1287 4130 pater
1308 4061 1339 4114 in

164 4147 262 4204 fllium
284 4156 314 4202 et
334 4147 474 4202 dominus
494 4147 524 4200 in
546 4164 666 4201 servum
685 4166 712 4202 ».

236 4261 276 4330 (2)
297 4259 443 4328 Quaestio
467 4267 514 4314 ost
534 4277 572 4313 an
596 4259 813 4330 Superioriasis
835 4259 1013 4314 monialium
1044 4267 1194 4332 competat
1216 4259 1341 4315 iurisdi-
