3234 4902
639 761 679 808 De
699 759 761 808 iure
780 757 953 821 magisterii.

301 938 354 1002 50.
383 935 537 1000 Ecclesia
549 957 645 1000 suam
657 933 896 1000 auctoritatem
918 957 1074 1000 exercere
1088 942 1200 1021 potest
1222 935 1276 1001 vel
1292 933 1383 1002 circa

213 1066 255 1108 ea
279 1065 364 1128 quae
387 1041 580 1108 hominibus
604 1041 770 1106 credenda
793 1048 873 1106 sunt
894 1040 1127 1125 (doctrinam);
1151 1043 1207 1107 vel
1229 1041 1320 1106 circa
1341 1065 1381 1108 aa

216 1171 306 1234 quae
329 1149 460 1234 agenda
483 1155 563 1212 sunt
585 1147 780 1230 (moralem).
804 1147 877 1212 Hoc
892 1146 946 1212 ius
967 1147 1095 1212 dicitur
1116 1149 1311 1235 mapiaterii.

299 1260 352 1321 51.
378 1255 483 1320 Pace.
507 1256 535 1320 Ι.
560 1293 602 1304 -
617 1254 677 1322 Ad
697 1252 920 1325 Ecclesiam
946 1253 1178 1338 specialius
1196 1254 1380 1324 docendi.

301 1365 402 1442 Patet
425 1369 458 1444 a)
481 1387 523 1429 ex
549 1365 584 1431 S.
609 1363 815 1448 Scriptura:
842 1391 859 1423 «
883 1364 1016 1428 Euntes
1039 1384 1121 1448 ergo
1135 1363 1251 1428 docete
1266 1385 1381 1428 omnes

208 1478 329 1556 gentes
358 1499 376 1531 »
402 1473 526 1537 Mutila
549 1471 714 1536 XXVIII
735 1470 852 1551 rann
886 1497 904 1531 e
929 1469 1127 1535 Praedicate
1150 1468 1378 1554 Evangelium
1462 1501 1464 1508 ¹
1501 1471 1503 1478 '
1542 1433 1544 1440 >

219 1577 309 1644 omni
335 1586 519 1660 creaturam
555 1577 613 1662 qui
637 1577 820 1642 crediderit
842 1585 904 1642 etc.
941 1604 959 1638 a
995 1579 1104 1642 Mare.
1127 1579 1159 1642 X
1165 1579 1222 1662 VJ,
1248 1578 1309 1659 16;
1343 1575 1381 1642 in
1472 1609 1473 1614 ¹
1562 1577 1609 1676 [θ’]

210 1685 288 1750 Act.
304 1685 383 1770 XV,
422 1687 463 1750 41
492 1685 534 1750 de
550 1685 658 1750 Paulo
679 1683 825 1749 dicitur:
860 1710 878 1744 ι
902 1683 1166 1749 Perambulabat
1198 1681 1379 1769 Syriam...

219 1791 431 1877 praecipiens
454 1790 623 1857 custodire
644 1799 827 1876 praecepta
850 1791 1090 1876 Apostolorum
1112 1817 1143 1854 a.
1457 1795 1460 1804 ’

300 1901 330 1980 b)
354 1921 396 1963 ex
427 1899 620 1963 Traditionc
655 1895 807 1983 practica
842 1895 1016 1962 Ecclesiae
1049 1918 1135 1981 quae
1159 1895 1291 1962 actibus
1312 1895 1382 1977 suis

213 2004 347 2070 scilicet
362 2005 626 2088 cathechesibus‚
643 2003 804 2086 conciliis,
829 2003 990 2090 symbolis
1005 2011 1170 2089 perpetuo
1191 2009 1316 2069 testata
1330 2009 1382 2068 est

213 2112 282 2178 sibi
296 2136 491 2199 persuasum
504 2136 575 2178 esse
587 2120 790 2198 potestatem
804 2112 945 2178 docendi
961 2135 980 2176 a
996 2111 1133 2178 Christo
1144 2111 1312 2199 accepisse
1323 2114 1380 2193 (1).

300 2226 328 2303 c)
351 2245 393 2286 ex
405 2244 443 2287 eo
459 2221 548 2306 quod
564 2219 967 2305 alioquinlimperfectum
978 2227 1013 2284 et
1023 2219 1161 2284 irritum
1184 2219 1274 2284 foret
1296 2241 1381 2304 opus

212 2326 464 2413 redemptionis.
495 2321 583 2392 Nam
605 2328 771 2412 quomodo
805 2327 997 2392 hominibus
1030 2326 1285 2412 applicarentur
1307 2326 1379 2391 fru-

165 2420 167 2422 ¹
218 2441 291 2499 ctus
314 2435 583 2520 redemptionis?
605 2436 681 2500 Non
701 2433 848 2520 amplitis
865 2457 907 2500 ex
921 2433 1118 2500 immediato
1133 2433 1269 2500 oraculo
1283 2433 1381 2499 Chri-

209 2541 277 2624 sti3
316 2563 384 2606 non
421 2564 482 2627 per
521 2542 673 2608 internas
707 2543 941 2624 revelationem
979 2565 1047 2608 non
1084 2563 1146 2626 per
1175 2539 1379 2626 scripturam

207 2669 341 2714 sacram
364 2649 471 2714 libero
493 2650 641 2714 examini
671 2651 824 2715 relictam
848 2653 902 2732 (2).

300 2757 353 2822 52.
378 2755 482 2821 Pnop.
506 2757 553 2822 ΙΙ.
578 2797 621 2804 -
644 2757 916 2843 Magisterium
946 2755 1151 2828 Ecclesiae
1168 2761 1230 2823 est
1245 2754 1380 2822 iuridi-

214 2884 315 2941 cum,
332 2862 489 2930 scilicet
502 2862 683 2934 Ecclesia
700 2864 761 2932 ius
776 2863 895 2932 habet
908 2863 1177 2932 obedientiam
1192 2861 1380 2948 exigendi

213 2970 297 3036 suis
323 2970 529 3038 doctrinis.
1270 3046 1273 3055 ¹

300 3077 448 3143 Eruitur
469 3084 503 3160 a)
537 3102 579 3144 eor
602 3081 709 3145 verbio
741 3080 870 3146 Christi
903 3079 1025 3162 quibus
1055 3078 1249 3144 missionem
1270 3086 1379 3143 trans-

213 3184 321 3250 mittit
345 3185 518 3251 Ecclesiae
540 3187 680 3252 docendi
704 3187 740 3252 in
764 3187 910 3268 mundo;
935 3187 970 3252 in
983 3189 1142 3252 mandato
1157 3186 1248 3252 enim
1270 3193 1380 3250 trans-

207 3291 368 3358 funditur
390 3293 575 3359 auctoritas
596 3295 789 3360 mandantis
813 3294 867 3359 cui
894 3322 911 3355 c
935 3295 1014 3360 data
1038 3303 1089 3361 est
1112 3294 1380 3380 omnispotestae

283 3488 325 3558 (l)
345 3489 385 3542 Et
404 3505 521 3554 revera,
540 3489 567 3542 si
587 3488 664 3542 hanc
684 3495 866 3560 potestatem
887 3489 1015 3544 docendi
1036 3489 1175 3544 Ecclesia
1204 3505 1263 3542 non
1294 3506 1381 3544 acce·-

211 3576 312 3647 pisset
332 3595 350 3630 a
370 3576 500 3644 Christo,
528 3577 687 3650 tyrannica
719 3587 750 3632 et
781 3578 895 3633 iniuste
922 3587 1036 3649 ageret.
1068 3581 1150 3648 Ergo
1169 3579 1309 3634 Ecclesia
1327 3596 1380 3649 per

211 3665 376 3736 Apostolos
397 3665 523 3720 inducta
551 3673 581 3720 et
600 3685 618 3720 a
639 3669 672 3722 18
690 3685 769 3721 saec.
789 3667 964 3737 perdurans,
995 3667 1159 3738 illegitima
1179 3674 1279 3736 esset;
1306 3686 1379 3739 ergo

213 3772 273 3810 non
294 3764 374 3810 esset
395 3774 467 3810 vera
487 3756 628 3811 Ecclesia
642 3755 772 3826 Christi;
792 3774 865 3827 ergo
885 3757 970 3811 nulla
989 3757 1145 3812 extitisset
1165 3776 1304 3830 unquam,
1325 3777 1380 3814 nec

212 3844 361 3900 existeret
383 3863 463 3900 nunc
483 3845 625 3916 legitima
645 3845 761 3901 Christi
781 3846 940 3902 Ecclesia.
961 3847 1053 3903 Nulla
1079 3848 1160 3902 enim
1183 3857 1230 3902 est
1249 3850 1382 3904 societas

207 3953 288 4007 quae
312 3935 457 3990 historice
492 3936 718 3992 demonstretur
738 3955 754 3992 a
775 3936 898 3993 Christo
927 3937 1055 3992 fundata
1084 3945 1114 3992 et
1134 3956 1186 4008 per
1216 3939 1381 4010 Apostolos

210 4034 379 4096 propagata
400 4043 487 4098 quam
510 4026 564 4081 illa
584 4043 661 4098 quae
691 4027 803 4082 dicitur
834 4026 975 4083 Ecclesia
1000 4027 1160 4085 catholica.
1192 4027 1254 4086 Cir.
1273 4033 1380 4094 Bottia).

210 4117 256 4172 De
277 4115 380 4186 princ,
399 4134 427 4185 p.
446 4116 480 4182 V,
501 4135 523 4172 c.
545 4117 581 4185 V,
601 4133 683 4188 prop.
703 4117 727 4172 1.

282 4225 325 4296 (2)
344 4225 430 4281 Haec
450 4231 532 4284 enim
562 4229 663 4284 media
696 4230 799 4300 inepta
829 4229 859 4284 in
880 4231 985 4286 Theol.
1005 4229 1114 4301 Dogm.
1134 4230 1381 4290 demonstrantur

207 4317 273 4377 cfr.
294 4321 408 4390 Paplia,
428 4336 498 4378 rom.
519 4321 559 4385 ΙΙ,
580 4327 667 4374 tract.
687 4321 729 4378 ΙΙ.
