3266 4896
258 284 310 338 136

255 408 330 468 lium
354 414 456 466 tamen
478 407 674 483 querelarum
695 416 789 484 atque
811 407 1079 466 insimulationum
1102 406 1228 467 funesta
1250 407 1346 466 libido
1368 428 1431 466 non

254 508 384 582 quievit,
415 524 450 564 ac
485 503 650 582 permultis
681 523 756 562 sane
782 504 900 581 placuit
922 505 1046 564 civilem
1082 506 1209 565 vivendi
1230 505 1432 583 disciplinam

254 603 380 662 aliunde
402 609 518 680 petere,
540 622 631 678 quam
652 623 691 662 ex
712 601 873 678 doctrinis,
888 622 965 678 quas
979 601 1119 662 Ecclesia
1134 604 1287 662 catholiea
1308 604 1431 681 probat.

255 701 354 760 Immo
375 707 530 777 postremo
550 699 607 758 hoc
629 709 766 778 tempore
790 721 910 777 nouum,
943 709 977 759 ut
1009 700 1178 779 appellant,
1200 705 1259 776 ius,
1280 701 1362 777 quod
1382 701 1430 758 in-

255 800 367 874 quiunt
389 817 457 857 esse
478 798 566 856 velut
586 797 737 873 quoddam
760 798 860 856 adulti
883 802 944 858 iam
965 799 1081 858 saeculi
1103 801 1339 866 incrementum.
1359 817 1431 874 pro-

253 895 418 973 grediente
440 897 586 955 libertate
608 902 742 973 partum,
764 897 869 956 valere
891 917 926 955 ac
944 897 1097 956 dominari
1119 900 1236 974 passim
1258 899 1368 973 coepit.
1390 929 1432 940 -·

256 992 319 1052 Sed
340 997 540 1068 quantumvis
571 994 669 1052 multe
700 995 791 1052 multi
820 995 993 1071 periclitati
1015 1002 1098 1072 sunt,
1119 1001 1252 1073 constat,
1274 1000 1431 1071 repertam

255 1111 422 1167 numquam
454 1111 522 1151 esse
543 1096 804 1170 praestantiorem
826 1093 1063 1153 constituendae
1086 1093 1366 1171 temperandeeque
1387 1093 1432 1150 ci-

256 1193 367 1250 vitatis
389 1194 550 1268 rationem,
572 1210 663 1266 quam
684 1210 761 1266 quae
783 1192 822 1250 ab
848 1192 1028 1268 evangelica
1050 1192 1192 1250 doctrina
1215 1196 1324 1268 sponte
1346 1187 1432 1248 efflo-

256 1290 362 1346 rescit.
384 1323 423 1330 —
445 1289 572 1346 Maximi
609 1291 708 1364 igitur
735 1292 882 1348 momenti
905 1295 997 1364 atque
1019 1288 1184 1348 admodum
1216 1290 1337 1346 muneri
1369 1286 1432 1346 No-

255 1391 322 1442 stro
343 1384 510 1461 apostolico
538 1393 779 1444 consentaneum
808 1405 876 1444 esse
898 1387 1098 1460 arbitremur,
1132 1405 1228 1444 novas
1260 1386 1298 1444 de
1320 1405 1353 1445 re
1375 1405 1434 1462 pu-

255 1481 336 1539 blica
358 1485 519 1558 opiniones
533 1502 601 1541 cum
617 1483 759 1542 doctrina
775 1484 948 1542 christiana
964 1484 1115 1544 conferre:
1138 1503 1197 1559 quo
1212 1483 1300 1543 modo
1315 1485 1433 1543 erroris

255 1578 522 1654 dubitationisque
534 1599 659 1639 caussas
671 1588 813 1657 ereptum
828 1584 881 1659 iri,
891 1589 1069 1658 emergente
1082 1584 1226 1659 veritate,
1238 1580 1433 1656 confidimus,

255 1681 301 1737 ita
322 1685 357 1736 ut
380 1678 485 1737 videre
509 1681 638 1754 quisque
660 1678 753 1737 facile
774 1687 867 1755 queat
889 1700 1008 1739 summa
1030 1680 1083 1737 illa
1108 1685 1272 1756 praecepta
1294 1677 1434 1755 vivendi,

255 1795 333 1852 quae
356 1778 443 1850 sequi
464 1782 497 1834 et
518 1776 630 1850 quibus
651 1796 761 1852 parere
784 1776 908 1837 debeat.

336 1874 406 1932 Non
428 1876 603 1949 estmagni
625 1877 742 1950 negotii
764 1882 914 1951 statuere,
935 1875 1057 1951 qualem
1072 1879 1116 1934 sit
1130 1879 1265 1952 speciem
1287 1874 1434 1934 formam-

256 1989 314 2044 que
337 1970 483 2030 habitura
504 1975 627 2047 civitas,
657 1974 852 2049 gubernante
875 1974 1049 2033 christiana
1079 1973 1277 2050 philosophia
1308 1991 1434 2048 rempu-

257 2067 378 2126 blicam.
402 2104 440 2112 -
462 2069 599 2128 Insitum
620 2071 736 2129 homini
760 2080 872 2131 natura
887 2077 945 2147 est,
960 2080 996 2131 ut
1017 2070 1152 2130 incivili
1170 2074 1319 2129 societate
1333 2073 1433 2128 vivat:

255 2170 284 2225 is
305 2170 388 2226 enim
410 2172 618 2228 necessarium
651 2174 735 2230 vitae
767 2171 884 2230 cultum
910 2178 941 2231 et
965 2177 1116 2249 paratum,
1148 2173 1283 2246 itemque
1311 2170 1432 2245 ingenii

254 2271 348 2341 atque
370 2267 465 2326 animi
500 2265 721 2344 perfectionem
745 2287 813 2328 cum
836 2272 868 2328 in
890 2270 1059 2328 solitudine
1081 2268 1214 2344 adipisci
1235 2287 1297 2326 non
1320 2269 1433 2344 possit,

256 2367 415 2441 provisum
435 2367 590 2427 divinitus
610 2355 668 2439 est,
691 2373 727 2426 ut
758 2367 797 2425 ad
828 2370 1066 2426 coniunctionen
1102 2367 1434 2443 congregationemque

257 2463 619 2526 hominum'nasceretur
650 2486 719 2525 cum
751 2467 963 2544 domesticam,
995 2473 1061 2525 tum
1083 2469 1178 2524 etiam
1199 2465 1333 2540 civilem,
1353 2482 1433 2538 quae

256 2560 458 2636 suppeditare
480 2567 559 2622 vitae
589 2566 806 2640 sufficientium
824 2566 994 2640 perfectam
1031 2561 1096 2620 sola
1129 2566 1243 2638 potest.
1278 2558 1433 2635 Quoniam

256 2677 413 2716 veronen
436 2665 538 2735 potest
559 2663 692 2718 societas
727 2659 791 2718 ulla
817 2661 998 2732 consistere,
1021 2661 1081 2717 nisi
1104 2660 1131 2716 si
1153 2657 1267 2732 aliquis
1288 2655 1433 2714 omnibus
1508 2675 1511 2680 ·

256 2759 384 2833 praesit,
406 2757 521 2816 efficaci
544 2758 699 2832 similique
732 2777 858 2816 movens
880 2758 1020 2834 singulos
1052 2758 1091 2816 ad
1113 2775 1272 2815 commune
1293 2757 1433 2832 proposi-

257 2863 323 2913 tum
339 2855 533 2933 impulsione,
549 2854 691 2932 efficitur,
714 2856 798 2915 civili
822 2857 979 2914 hominum
994 2855 1210 2914 communitati
1225 2855 1433 2913 necessariam

257 2971 325 3010 esse
347 2954 576 3028 auctoritatem,
606 2972 666 3027 qua
689 2959 825 3028 regatur:
861 2971 949 3029 quae,
987 2971 1047 3010 nou
1084 2969 1172 3010 secus
1194 2970 1230 3009 ac
1251 2953 1392 3026 societas,
1414 2970 1433 3007 a

257 3054 371 3108 natura
392 3056 616 3126 proptereaque
638 3071 655 3107 a
678 3050 742 3108 Deo
764 3053 831 3127 ipso
853 3053 973 3108 oriatur
993 3056 1128 3110 auctore.
1153 3084 1189 3092 —
1212 3049 1260 3108 Ex
1282 3069 1341 3126 quo
1353 3047 1433 3107 illud

257 3149 466 3221 consequitur,
497 3155 685 3224 potestatem
707 3148 872 3224 publicam
904 3151 1135 3225 perseipsum
1158 3167 1218 3206 non
1241 3167 1309 3206 esse
1330 3148 1392 3205 nisi
1415 3167 1434 3204 a

258 3246 333 3306 Deo.
356 3245 446 3304 Solus
468 3249 550 3304 enim
572 3247 656 3304 Deus
672 3252 722 3304 est
737 3249 920 3306 verissimus
935 3250 1147 3322 maximusque
1163 3265 1268 3304 rerum
1278 3245 1434 3322 dominus,

257 3345 308 3401 oui
330 3343 457 3401 subesse
479 3349 510 3400 et
532 3345 651 3401 servire
673 3346 785 3418 omnia,
807 3361 1015 3418 quaecumque
1037 3349 1121 3420 sunt,
1143 3361 1269 3401 necesse
1290 3349 1357 3401 est:
1388 3344 1434 3400 ita

257 3447 294 3498 ut
315 3443 498 3515 quicumque
534 3443 582 3497 ius
604 3439 777 3516 imperandi
810 3439 936 3515 habent,
968 3460 1030 3498 non
1065 3439 1096 3498 id
1119 3439 1245 3498 aliunde
1267 3442 1434 3516 accipiant,

257 3541 319 3596 nisi
342 3538 455 3597 abillo
477 3559 595 3598 summo
617 3542 752 3598 omnium
774 3542 916 3616 principe
936 3539 1011 3597 Deo.
1033 3542 1101 3598 Nou
1124 3544 1318 3616 estpotestate
1337 3543 1400 3598 uisi
1414 3557 1435 3596 a

257 3639 323 3696 Deo
347 3638 401 3713 (1).
423 3672 462 3680 -—
483 3627 539 3696 Ius
560 3644 664 3696 autem
696 3640 836 3713 imperiis
869 3657 924 3714 per
946 3657 979 3696 se
1001 3643 1131 3698 nonest
1154 3657 1222 3696 cum
1245 3637 1308 3695 ulla
1331 3638 1435 3712 reipu-

257 3733 357 3792 blicae
379 3732 479 3792 forma
501 3737 675 3792 necessario
696 3734 881 3812 copulatum:
904 3737 998 3793 aliam
1019 3734 1079 3792 sibi
1096 3733 1146 3793 vel
1160 3733 1254 3792 aliam
1276 3751 1435 3792 assumere

258 3839 343 3890 recte
365 3838 478 3908 potest,
500 3832 588 3890 modo
609 3833 760 3891 utilitatis
782 3834 914 3908 bonique
929 3834 1098 3892 communis
1114 3851 1222 3909 reapse
1237 3831 1435 3892 efficientem.

340 3927 399 3986 Sed
424 3931 457 3986 fn
477 3929 616 4003 quolibet
637 3947 750 4004 genere
781 3930 970 4005 reipublicae
993 3932 1116 3988 omnino
1138 3931 1297 4006 principes
1317 3929 1436 3988 debent

321 4153 358 4213 (ι)
374 4149 456 4200 eom.
476 4149 555 4212 mu,
573 4155 596 4198 r.
