3234 4902
1293 340 1331 394 33

245 479 332 545 Cum
368 487 484 560 tamen
518 499 587 542 non
620 476 824 544 instituatur
858 479 977 563 regula
1011 478 1083 544 siue
1120 480 1328 566 exceptione,

153 587 354 654 adnotemus
370 583 446 650 heio
469 582 703 669 exceptionem
724 606 745 648 a
768 584 888 670 regula
911 593 980 650 tres
1004 585 1204 672 praecipuos
1227 588 1329 654 effec-

154 699 210 756 tus
234 689 348 757 sortiri
372 711 491 776 posse:

242 798 271 864 1.
295 797 461 881 Exceptio
484 817 556 862 aon.
570 797 717 881 ampliat
739 800 797 862 sad
820 799 992 885 restringit
1011 799 1175 884 rapulam,
1200 798 1330 866 limitat

152 904 282 972 scilicet
306 902 602 968 universalitatem
625 903 764 989 regulae
787 904 906 970 saltem
927 913 1083 990 respectu
1107 905 1215 992 ipsius
1231 929 1329 972 cesus

154 1011 300 1097 excepti.

240 1119 286 1183 Π.
310 1119 476 1202 Eaceptio
499 1119 651 1183 declarat
668 1119 827 1204 rapulam,
844 1119 1055 1185 demonstrat
1069 1118 1160 1185 enim
1176 1119 1249 1185 eius
1272 1143 1330 1188 na·

155 1235 271 1294 turam
294 1235 328 1292 et
353 1227 434 1292 vim.

242 1336 310 1401 III.
334 1337 499 1420 Eaccptio
521 1338 638 1422 firmat
662 1338 821 1420 reputans,
854 1335 889 1399 id
912 1343 964 1400 est
987 1335 1116 1402 ratione
1140 1333 1260 1401 habite
1285 1335 1328 1401 ed

153 1465 250 1509 casus
272 1465 340 1508 non
363 1450 530 1526 exceptos.

245 1586 423 1673 segulae
450 1585 693 1673 praecipuae
723 1586 760 1658 in
788 1587 941 1659 Decret.
966 1587 1155 1674 antiquis.

242 1712 294 1775 30.
318 1711 346 1774 I.
373 1711 490 1777 Omnis
512 1731 565 1774 res
584 1732 648 1794 per
683 1732 906 1796 quoscumque
930 1732 1051 1776 causas
1078 1711 1229 1776 nascitur
1263 1732 1329 1794 per

151 1820 282 1882 casdem
306 1819 511 1882 dissolvitur.
544 1817 646 1882 Valet
680 1817 716 1882 in
748 1816 979 1882 contractibus
1001 1826 1036 1882 et
1059 1815 1328 1902 obligationibus

150 1923 335 1990 moralibus
366 1925 586 1989 evolantate
621 1923 895 1990 contrahentium
922 1921 1201 2010 dependentibus,
1241 1943 1328 2010 quae

151 2031 241 2097 siem
263 2053 325 2116 per
336 2040 495 2096 mutuum
519 2053 717 2097 consensum
740 2031 1006 2116 constituuntur,
1031 2032 1080 2096 its
1107 2039 1227 2098 mutuo
1252 2051 1329 2095 con·

151 2161 251 2205 sensu
281 2137 419 2204 dissolvi
445 2147 594 2223 possunt.
627 2138 733 2202 Fallit
754 2138 792 2203 in
814 2139 972 2222 hisquae
995 2147 1075 2204 sunt
1098 2135 1325 2220 iurisdivini‚

151 2254 190 2312 ut
214 2245 431 2312 matrimonia
456 2254 490 2310 et
513 2256 646 2310 caetera
669 2254 889 2330 sacramenta,
915 2244 1116 2330 iuramenta,
1141 2253 1231 2311 vota.

241 2354 289 2418 Π.
314 2354 429 2417 Dubia
452 2355 487 2418 ia
511 2355 678 2418 meliorem
707 2361 844 2437 partera
867 2353 1085 2437 interpretari
1110 2355 1233 2418 debant.
1261 2353 1328 2420 Ve-

151 2461 200 2526 lct
224 2459 261 2524 in
295 2459 427 2524 actibus
461 2459 738 2524 indifferentibus
772 2466 806 2523 et
840 2458 878 2523 in
912 2481 1035 2543 genere
1060 2482 1119 2524 sno
1142 2457 1329 2544 permissis.

151 2567 259 2632 Fallit
282 2566 318 2631 in
342 2565 485 2646 delictis,
509 2574 544 2631 et
568 2565 699 2631 actibus
722 2565 758 2630 in
782 2587 903 2650 genere
927 2588 987 2631 suo
1012 2566 1120 2632 malis.

241 2674 310 2738 ΙΙΙ.
337 2674 432 2749 Quod
456 2696 520 2739 aaa
544 2681 592 2738 est
622 2674 753 2738 licitam
776 2675 811 2738 ia
835 2675 911 2758 laps,
935 2675 1112 2738 necessitas
1145 2675 1232 2758 facit
1255 2675 1327 2738 lici-

152 2789 233 2846 tam.
270 2781 373 2846 Valet
407 2780 444 2844 in
479 2781 553 2865 lege
577 2779 727 2867 positiva
750 2778 951 2864 praesertim
974 2780 1137 2861 humana;
1174 2779 1268 2845 fallit
1291 2779 1328 2845 in

151 2888 228 2974 lege
252 2885 413 2953 naturali.

241 2995 301 3060 IV.
328 2997 404 3060 Noa
436 3002 547 3078 potest
580 3016 647 3058 csse
676 2993 829 3078 pastoris
863 2995 1036 3058 accusatio
1065 2995 1094 3058 si
1128 2995 1230 3079 lupus
1254 3016 1328 3060 oves

152 3103 293 3168 comedit
315 3111 346 3166 et
365 3111 487 3188 pastor
510 3104 622 3166 nescit.
662 3101 764 3167 Valet
787 3108 905 3167 contra
927 3101 1158 3186 ignorantiam
1182 3101 1327 3166 vincibi-

153 3208 220 3274 lem
247 3216 282 3273 et
305 3208 476 3274 incuriam
499 3209 745 3274 Praeletorum.

247 3371 428 3458 Regulae
455 3371 698 3458 praecipuae
723 3370 760 3442 in
784 3369 907 3442 Sexto
934 3369 1213 3441 Decretalium.

241 3514 294 3576 31.
319 3511 346 3576 Ι.
371 3514 544 3577 Possesscr
579 3514 688 3576 malae
711 3512 791 3597 fidei
814 3513 882 3575 utto
907 3518 1050 3594 tempore
1074 3531 1137 3574 aaa
1156 3511 1327 3594 praescri-

151 3620 207 3683 dit.
232 3617 313 3684 Vim
336 3641 404 3684 non
428 3619 530 3684 hebet
552 3622 590 3683 in
612 3617 687 3683 iure
711 3617 806 3682 eivili
830 3617 858 3681 si
883 3624 1007 3702 egetur
1030 3617 1071 3681 de
1086 3615 1326 3702 praescriptio-

149 3725 251 3791 nibus
274 3725 466 3810 longissimi
489 3724 652 3810 temporis
677 3726 721 3789 30
743 3725 798 3789 vel
822 3725 866 3788 40
891 3745 1067 3789 annorum.

238 3833 287 3896 ΙΙ.
312 3835 392 3899 Sine
410 3835 615 3917 possessione
633 3833 862 3916 praescriptio
885 3853 949 3897 aaa
967 3832 1131 3915 procedit.
1156 3832 1200 3896 In
1226 3831 1328 3896 rebus

149 3939 382 4024 corporalibus
406 3939 569 4025 possessio
592 3963 663 4005 esse
686 3939 787 4004 debet
810 3939 851 4003 de
875 3939 967 4004 fecto
990 3937 1089 4002 etde
1115 3937 1196 4019 iure3
1214 3937 1252 4002 in
1276 3961 1326 4004 re-

148 4045 212 4109 bus
235 4044 504 4132 incorporalibus
528 4047 654 4112 sufficit
678 4045 774 4131 quasi
798 4045 955 4131 possesio·
992 4044 1065 4110 cfr.
1101 4043 1215 4110 Theol.
1243 4065 1325 4110 mor.

149 4157 250 4218 tract.
276 4153 328 4218 De
351 4155 438 4219 lust.
463 4161 498 4218 et
521 4155 610 4219 Iure.

203 4293 335 4336 Mannum
351 4317 375 4326 —
390 4292 508 4337 Elementa
523 4295 585 4337 iuris
599 4292 652 4337 eccl.
663 4292 728 4346 publ.
743 4295 764 4336 d
774 4294 875 4346 privati.
1259 4293 1273 4334 4
