3198 4898
306 296 362 354 860

398 421 452 486 Ex
473 421 716 487 contestatione
739 421 827 487 varii
850 422 992 488 effeetus
1014 421 1190 506 profluunt
1213 442 1361 506 quorum
1393 441 1487 504 prae-

309 527 416 613 oipui':

400 635 429 699 I.
455 633 685 700 Constituitur
706 633 872 698 iudicium
896 639 931 699 et
954 633 1027 699 eius
1049 641 1173 700 natura
1198 633 1463 700 determinatur.

398 740 445 807 II.
468 737 661 824 Litigantes
683 739 926 825 obligationem
951 741 1158 827 contrahunt
1192 763 1234 807 ex
1274 741 1374 826 quasi
1413 761 1487 804 ceo-

309 853 421 911 trueta
444 843 516 910 litis
539 845 801 930 prosequendae.

399 951 468 1017 III.
493 951 601 1016 Iudex
624 950 770 1038 amplius
793 951 942 1017 recusari
967 951 1097 1037 nequit.

396 1057 457 1124 IV.
481 1057 750 1144 Interrumpitur
772 1057 997 1144 praescriptio
1024 1058 1117 1144 longi
1141 1057 1304 1146 temporis
1341 1080 1402 1124 seu
1447 1059 1489 1122 10

303 1165 359 1231 vel
383 1167 428 1230 20
450 1187 628 1231 annorum.

394 1273 435 1336 V.
461 1272 542 1337 Post
564 1271 660 1338 litem
684 1278 907 1338 contestatam
922 1273 972 1358 ¹fit
994 1273 1087 1338 loeus
1122 1271 1316 1338 iuramento
1355 1271 1485 1337 eatum-

306 1377 383 1444 niae
407 1385 467 1442 aut
489 1379 532 1443 de
558 1377 702 1444 veritate
724 1377 877 1444 dicenda.
901 1398 904 1402 ’

401 1486 474 1550 193.
500 1487 733 1550 loramentum
756 1487 944 1550 calumniae
966 1483 1053 1551 iliud
1076 1493 1217 1570 estque
1255 1495 1370 1572 partes
1408 1504 1486 1570 pro·

308 1598 481 1658 testantur
503 1614 537 1657 se
575 1591 612 1656 in
634 1590 761 1658 iudioio
795 1590 1017 1658 instaurando
1054 1600 1088 1658 et
1110 1591 1148 1658 in
1174 1614 1213 1659 eo
1250 1591 1485 1677 prosequendo

310 1699 436 1784 absque
459 1699 581 1764 frande
603 1721 816 1784 processuras
839 1721 910 1764 esse
934 1702 995 1782 (1).

399 1808 634 1871 Iaramentam
657 1808 697 1871 de
719 1807 858 1870 veritate
880 1807 1020 1872 dicenda
1043 1814 1125 1872 tuno
1155 1805 1310 1891 habetur,
1349 1805 1488 1889 quando

308 1919 424 1996 partes
447 1935 602 1998 expresse
626 1909 780 1977 fatentur
820 1935 855 1978 se
892 1935 961 1978 non
996 1913 1159 1979 allaturas
1196 1911 1413 1998 probationes
1453 1921 1487 1976 et

310 2016 397 2110 nihil
421 2025 608 2084 asserturas
629 2042 701 2084 esse
723 2017 790 2083 nisi
814 2017 928 2084 omnia
951 2019 1097 2085 veritate
1119 2019 1277 2102 nitantur
1299 2021 1356 2102 (2).

317 2213 319 2219 y
400 2124 636 2190 Iuramentum
659 2124 849 2190 calumniae
872 2125 991 2191 differt
1015 2149 1034 2191 a
1057 2125 1249 2192 iuramento
1272 2124 1314 2190 de
1328 2123 1485 2206 veritate,

309 2229 391 2316 quia
414 2231 501 2297 illud
523 2241 575 2298 est
598 2233 639 2297 de
662 2233 872 2318 eredulitate,
897 2233 959 2298 hoo
983 2233 1025 2298 de
1048 2233 1192 2298 veritate
1215 2239 1250 2297 et
1267 2231 1411 2297 seientia
1426 2232 1485 2314 (3).

309 2337 545 2404 Iuramentum
569 2339 758 2405 calumniae
792 2339 829 2404 in
848 2339 932 2409 ,foro
965 2339 1192 2406 ecclesiastiae
1229 2361 1297 2406 oon
1333 2334 1481 2424 amplius

310 2429 395 2511 solet
418 2444 552 2530 exquiri
581 2447 636 2528 (4).
1086 2442 1089 2450 ’

401 2551 505 2637 Viget
528 2575 607 2619 vero
629 2559 663 2618 et
686 2551 784 2618 iuvat
807 2552 1038 2619 iuramentum
1061 2551 1218 2618 veritatis
1233 2551 1382 2618 testibus
1397 2551 1489 2616 dela·

310 2667 385 2754 tum
408 2660 488 2744 qnia
511 2667 562 2726 est
585 2659 849 2725 determinatum
872 2661 915 2726 ad
953 2669 1059 2726 certos
1082 2659 1244 2726 articulos
1282 2659 1326 2726 de
1364 2658 1487 2745 quibus

310 2766 429 2832 testari
453 2767 577 2832 debent
600 2768 659 2852 (b).

870 3003 934 3079 §3

747 3147 787 3194 De
808 3145 1043 3196 Probationibus

314 3343 319 3352 ·
400 3322 474 3386 194.
501 3314 687 3388 Probatio
712 3319 747 3384 in
771 3343 894 3405 genere
916 3321 1088 3388 definitur:
1112 3323 1488 3389 Reidabiaeetcoatra·

309 3451 424 3500 versae
446 3431 541 3512 opud
555 3431 698 3497 iudicem
716 3451 781 3512 per
804 3430 952 3514 lepita'mo
975 3431 1172 3515 arqumeata
1194 3429 1292 3516 fucta
1322 3433 1470 3498 ostensio.

382 3629 424 3698 (1)
445 3624 507 3682 ufr.
527 3627 586 3697 leg.
604 3627 621 3679 2
642 3624 714 3679 Ood.
735 3625 846 3680 lustin.
866 3624 911 3680 De
932 3624 1057 3682 iureiur.
1075 3632 1199 3697 propter
1219 3627 1415 3684 calumniam.

382 3734 424 3804 (2)
443 3733 476 3788 O.
497 3737 520 3800 1,
540 3733 570 3789 h.
589 3740 611 3787 t.
630 3732 661 3787 in
681 3733 719 3788 θ’.

314 3865 320 3871 ·
381 3843 422 3912 (3)
442 3843 539 3896 Datur
558 3841 651 3895 etiam
671 3845 874 3897 iuramentum
904 3845 1039 3898 malitiae
1063 3855 1120 3914 ¹pro
1139 3819 1264 3896 casibus
1291 3842 1484 3913 particulari·

311 3932 378 3998 bue,
397 3929 517 3986 seilicet
548 3929 669 4002 quaudo
698 3929 789 3984 iudex
816 3931 936 3986 dubitat
969 3937 1101 3986 notorem
1133 3930 1182 3985 vel
1201 3948 1287 3985 reum
1307 3930 1427 4002 aliquid
1449 3949 1486 3986 ex

311 4019 420 4077 fraude
440 4037 531 4091 agere
551 4020 599 4074 vel
620 4019 770 4075 omittere.
790 4019 823 4074 Ο.
842 4020 876 4077 G.
894 4021 920 4087 2,
941 4019 970 4076 h.
989 4025 1009 4073 t.
1031 4019 1062 4074 iu
1081 4021 1107 4087 6,
1126 4018 1146 4092 ξ
1163 4023 1193 4076 2.

313 4127 1214 4199 'mmmmmmm...

384 4240 425 4309 (ὅ)
445 4237 507 4294 Ofr.
528 4236 616 4292 Oard.
635 4238 788 4305 Demea,
808 4235 853 4290 De
873 4235 966 4291 indie.
985 4234 1042 4292 dis.
1059 4235 1105 4303 253
1125 4237 1215 4305 Lapa,
1235 4233 1257 4288 1.
1275 4251 1301 4289 e.
1315 4241 1350 4290 n.
1362 4234 1451 4290 3²8:
