3234 4902
670 635 775 680 66116.
800 615 829 680 Ι.

605 761 636 822 16
662 760 762 822 cairan
783 761 881 823 1661611.

248 941 299 1004 14.
334 939 565 1008 Historia—
587 938 771 1004 Gratianus
794 937 976 1004 monachas
999 937 1124 1004 ordinis
1147 939 1180 1005 S.
1196 935 1334 1004 Benedi-

160 1046 216 1130 cti,
241 1053 341 1112 natus
367 1045 473 1111 Olusii
497 1045 532 1109 in
561 1043 1213 1144 Η6116116,6(11(111611666116161151
1237 1067 1332 1112 suam

162 1153 398 1220 Collectionem
426 1175 528 1238 quam
552 1152 607 1216 1116
629 1133 799 1238 inscripsit
827 1181 842 1210 ι
869 1151 1113 1218 Concordaotia
1143 1153 1335 1219 discordan-

161 1262 246 1326 tiam
271 1281 435 1325 66666616
458 1288 473 1317 »
502 1266 537 1325 61
559 1258 681 1345 posteri
707 1257 841 1324 nomine
865 1259 999 1323 Decreii
1021 1259 1183 1325 ditarunt.
1206 1259 1333 1346 ‘Ipsum

160 1365 255 1432 66161
278 1373 441 1430 116616166
465 1363 850 1451 scientificus-practicus
874 1365 1053 1430 tenendum
1080 1372 1186 1431 estet
1207 1366 1243 1430 16
1266 1373 1333 1432 1166

159 1481 272 1561 partes
295 1472 503 1558 dispescitur.

247 1580 290 1644 In
325 1579 443 1666 prima,
474 1599 559 1664 quae
592 1585 725 1642 constat
748 1577 794 1643 01
822 1577 1102 1644 Distinctionibus
1124 1579 1160 1643 in
1193 1601 1333 1646 canones

162 1685 363 1768 distributis,
387 1693 504 1751 auctor
529 1684 602 1770 agit
626 1688 666 1750 de
688 1687 817 1750 iuribus
838 1693 869 1750 61
890 1687 1007 1771 officiis
1031 1685 1243 1753 0161661616.

248 1794 291 1857 Ι6
316 1793 468 1878 secunda,
512 1815 597 1878 quae
623 1793 772 1858 continet
801 1815 916 1858 causas
946 1793 1117 1878 XXXVI,
1148 1792 1275 1860 divisas
1297 1793 1333 1862 in

151 1901 376 1986 'quaestiones
391 1921 477 1984 quae
493 1898 529 1962 in
554 1921 697 1964 canones
712 1898 975 1984 distribuuntur,
999 1899 1115 1984 agitur
1136 1901 1178 1966 (16
1200 1901 1336 1968 iudiciis

162 2009 404 2074 6661661661616.
427 2007 482 2071 Ad
514 2029 649 2072 causam
680 2014 792 2072 autem
819 2006 995 2090 XXXIII,
1019 2014 1095 2093 post
1122 2016 1249 2093 quaest.
1279 2009 1334 2076 ΙΠ

161 2122 261 2182 extat
284 2121 450 2180 tractatus
480 2114 521 2178 de
543 2114 757 2200 poenitentia,
793 2137 892 2198 quem
915 2123 1041 2202 septem
1064 2115 1334 2184 distinctionibus

160 2221 317 2288 absolvit.

249 2329 291 2392 In
315 2327 417 2392 161116
449 2326 594 2412 denique
614 2333 719 2414 parte,
743 2349 830 2414 quae
857 2357 873 2385 ‹
895 2329 935 2392 (16
961 2326 1250 2394 consecratione»
1283 2329 1333 2394 in-

165 2435 326 2502 scribitur
356 2443 390 2500 61
414 2434 562 2520 quinque
595 2434 825 2502 distinctiones
861 2435 1104 2522 complectitur,
1137 2437 1178 2502 de
1215 2437 1335 2504 61111161

162 2544 271 2608 soccia
294 2544 351 2624 (1).
691 2541 693 2545 ’

249 2648 407 2715 Gratiani
435 2669 521 2734 opus
543 2648 621 2736 11661
643 2649 797 2735 pluribus
820 2657 960 2714 scateret
984 2649 1111 2714 mendis
1133 2649 1176 2714 ob
1206 2649 1336 2716 critices

122 2769 123 2772 ’
161 2755 329 2822 defectum
350 2763 385 2820 61
425 2754 537 2841 graeci
562 2756 722 2820 sermonis
760 2755 986 2840 ignorantiam
1010 2755 1044 2820 in
1080 2763 1223 2838 auctore,
1257 2777 1336 2823 mox

159 2869 329 2949 receptum
351 2869 403 2926 661
435 2869 609 2946 tamquam
632 2868 745 2926 textus
768 2861 825 2946 qui
847 2863 1019 2928 doceretur
1041 2862 1076 2926 in
1107 2863 1335 2930 Universitato

161 2968 374 3050 Bononiensi,
398 2975 432 3033 61
461 2989 623 3053 magnum
647 2989 746 3032 usum
779 2967 814 3032 in
837 2967 909 3034 foro
943 2968 1091 3034 obtinuit
1114 2971 1173 3051 (2).
1208 2971 1334 3036 Verum

159 3075 320 3162 temporis
343 3075 449 3161 lapsu,
481 3074 636 3160 pluribus
659 3074 826 3140 erroribus
848 3075 985 3140 detectis
1009 3077 1065 3160 (3),
1081 3075 1229 3142 dubitari
1245 3098 1336 3162 coep-

231 3269 272 3341 (1)
292 3269 379 3324 Mens
402 3276 504 3323 autem
524 3269 665 3324 Gratiani
686 3269 717 3322 in
739 3269 796 3324 hac
818 3269 970 3324 divisione
990 3287 1136 3342 quaenam
1160 3270 1255 3325 fuerit
1273 3288 1333 3326 non

159 3359 237 3414 benc
255 3365 390 3430 apparet.
409 3378 425 3411 «
441 3357 563 3430 Percipi
575 3359 626 3412 vix
640 3377 674 3413 66
694 3377 731 3413 ne
746 3359 795 3413 vix
815 3360 939 3432 quidem
953 3368 1062 3432 potest,
1082 3360 1127 3413 611
1147 3361 1257 3425 Decoti,
1269 3359 1334 3414 iure

161 3465 225 3502 can.
245 3447 330 3504 univ.
348 3453 420 3504 tom.
444 3447 467 3514 I,
504 3465 534 3518 p.
563 3448 627 3518 371,
656 3448 728 3518 quid
748 3448 807 3502 sibi
830 3447 997 3504 Gratianus
1017 3465 1073 3503 666
1092 3447 1148 3502 hac
1168 3447 1334 3519 partitione

161 3537 301 3594 66166111.
336 3537 402 3592 Non
425 3537 507 3592 enim
530 3537 641 3592 iustam
661 3538 793 3610 aliquam
814 3538 934 3593 videtur
952 3538 1098 3593 habuisse
1118 3555 1240 3592 causam
1269 3555 1335 3608 pro·

164 3633 231 3699 pter
256 3645 345 3699 quam
371 3633 542 3698 postremas
564 3627 780 3683 distinctiones
799 3647 817 3683 a
835 3629 942 3700 primis
961 3628 1157 3696 discerneret,
1167 3633 1220 3682 aut
1233 3627 1334 3682 varias

163 3716 360 3789 quaestiones
390 3717 478 3771 modo
514 3717 571 3771 sub
607 3735 775 3786 causarum,
790 3719 882 3771 -modo
902 3717 958 3772 sub
978 3711 1209 3772 distinctionum
1243 3715 1335 3770 titulo

163 3805 350 3876 expenderet
353 3846 419 3861 .......
439 3805 571 3860 Accedit
592 3809 670 3878 quod
690 3813 752 3860 tani
772 3807 802 3861 in
836 3807 953 3872 causis,
974 3824 1062 3878 quam
1083 3804 1335 3860 distinctIonibus

162 3895 286 3952 eaedem
307 3893 404 3950 ferme
434 3915 484 3952 res
512 3897 724 3968 explicantur;
745 3895 789 3952 ita
808 3903 843 3951 61
860 3899 975 3951 Auctor
993 3896 1134 3951 videatur
1153 3895 1268 3950 oblitus
1288 3913 1335 3949 ea·

162 4001 228 4039 rum
248 4001 325 4054 quac
347 3985 410 4039 alio
435 3985 502 4040 loco
521 3993 804 4058 pertractaverat».

234 4089 277 4161 (2)
299 4089 362 4146 efr-
387 4095 493 4160 Bouioc,
515 4094 561 4148 De
580 4092 742 4164 principiis
759 4092 820 4164 J'ur.
839 4110 904 4148 can.
930 4093 964 4148 P.
984 4091 1041 4158 III,
1061 4109 1086 4147 6.
1104 4089 1194 4158 XIII,
1222 4107 1250 4162 p.
1275 4091 1338 4146 473.

232 4195 275 4266 (3)
296 4196 464 4269 Praecipui
486 4215 603 4253 errores
622 4198 655 4252 hi
670 4205 741 4253 sunt
753 4197 869 4269 :saepe
889 4197 1069 4252 documenta
1088 4195 1191 4268 spuria
1210 4213 1263 4268 pro
1286 4203 1336 4267 ge'·
