3266 4896
1301 364 1354 418 119

181 511 304 574 genere
331 488 447 574 gravis
472 495 523 554 est
555 511 593 554 ea
618 488 735 554 Sancti
763 489 930 576 Cypriani
966 488 1145 554 sententia:
1180 491 1241 555 llll
1275 500 1353 557 saal

180 597 342 680 Ecclesia,
376 598 472 680 plebs
495 597 669 663 Sacerdoti
692 599 855 682 adaaala,
892 605 924 662 el
947 597 1082 662 Pastori
1104 619 1163 663 sao
1183 619 1268 684 prees
1291 600 1351 664 ad·

182 705 320 769 haereas
352 706 408 786 (1);
449 711 484 768 et
517 704 656 788 gravior
690 703 817 769 altera:
855 706 948 771 Scire
971 707 1064 770 debes
1086 705 1293 790 Episcopum
1315 705 1351 770 io

180 811 332 875 Ecclesia
352 831 419 874 esse
442 817 472 874 et
495 811 647 874 Ecclesia
669 811 705 874 ia
730 811 895 896 Episcopo
918 819 949 874 et
971 813 1001 875 si
1025 811 1100 896 qais
1123 833 1196 875 cam
1212 811 1350 894 Episco-

175 940 222 1002 po
244 939 309 982 aoa
331 918 385 1001 sit,
410 919 444 982 ia
468 917 620 982 Ecclesia
651 939 715 982 aaa
750 939 817 982 esse
841 921 898 1000 (⁶2).
935 917 1026 982 Talis
1060 925 1111 984 est
1145 916 1351 982 christianae

179 1023 388 1110 reipublicae
410 1023 617 1107 constitutio,
645 1046 750 1108 eaque
775 1023 999 1090 immutabilis
1023 1047 1061 1091 ac
1085 1033 1250 1112 perpetua
1274 1051 1304 1088 a.

269 1133 343 1196 132.
368 1131 419 1197 De
442 1130 574 1216 origine
598 1139 712 1196 autem
738 1131 839 1196 huius
857 1132 1058 1218 episcopalis
1080 1131 1270 1218 potestatis,
1287 1132 1349 1197 sci-

178 1238 259 1304 licet
298 1262 341 1303 an
363 1246 511 1324 potestas
549 1237 795 1322 iurisdictionis
838 1239 1085 1327 Episcoporum
1123 1239 1160 1304 in
1198 1238 1351 1325 singulas

178 1345 344 1412 dioeceses
378 1346 423 1412 sit
445 1339 641 1412 immediate
672 1348 788 1412 aDeo
825 1347 879 1412 vel
911 1371 931 1412 a
954 1348 988 1413 S.
1012 1347 1186 1432 Pontifice,
1223 1355 1351 1412 contro·

179 1453 335 1516 vertitur.
372 1450 531 1532 Quaestio
565 1443 680 1516 tamen
714 1451 852 1518 videtur
883 1453 1029 1518 nominis
1054 1459 1188 1518 tantum
1211 1475 1290 1518 nam
1314 1451 1350 1518 in

178 1568 323 1644 utraque
345 1559 500 1645 hypotesi
525 1559 619 1624 salva
643 1559 798 1625 consistit
821 1569 855 1625 et
874 1559 1121 1646 Episcoporurn
1138 1559 1275 1644 propria
1292 1581 1349 1644 po-

177 1675 291 1750 testas3
309 1667 390 1752 quia
405 1666 432 1732 si
457 1667 560 1730 datur
582 1665 778 1732 immediate
796 1690 815 1731 a
830 1668 911 1752 Dec,
926 1666 1123 1734 conceditur
1135 1689 1210 1731 oum
1228 1665 1350 1730 limita-

176 1774 269 1840 tione
284 1782 319 1840 et
334 1773 560 1859 dependentia
584 1797 602 1838 a
627 1775 669 1838 R.
694 1773 859 1839 Pontifice
883 1777 940 1857 (3);
966 1773 992 1839 si
1006 1773 1161 1857 mediate,
1179 1772 1350 1838 ordinaria

176 1889 212 1946 et
234 1880 372 1967 propria
396 1890 519 1965 manet,
544 1880 628 1966 quin
651 1904 670 1946 a
695 1881 833 1947 Christo
857 1881 1003 1947 Domino
1025 1879 1186 1946 instituta
1209 1881 1265 1962 (4).

266 1989 491 2053 Praeferenda
514 1987 735 2053 nihilominus
753 1987 890 2052 videtur
906 1987 1074 2054 sententia
1097 2011 1164 2072 qua
1187 1986 1350 2054 asseritur

176 2097 264 2179 quod
290 2095 369 2160 licet
392 2095 619 2180 Episcopatus
643 2095 688 2160 sit
714 2093 910 2160 immediate
933 2119 953 2160 a
976 2095 1058 2179 Deo,
1082 2116 1140 2160 seu
1156 2093 1243 2179 quod
1269 2093 1350 2179 Epi-

176 2203 265 2288 scopi
292 2211 414 2287 regant
437 2201 635 2286 Ecclesiam,
661 2208 776 2267 tamen
795 2202 883 2287 quod
908 2201 944 2266 hi
968 2203 1022 2267 vel
1037 2200 1089 2266 illi
1104 2209 1237 2286 regant,
1253 2199 1351 2266 iuris-

176 2307 279 2374 dictio
302 2309 373 2374 sive
394 2307 514 2374 habitu
548 2307 621 2374 sive
647 2315 726 2374 actu
752 2307 974 2390 considerata,
1010 2331 1029 2374 a
1060 2305 1197 2374 Vicario
1220 2305 1349 2372 Christi

175 2415 370 2482 immediate
392 2415 570 2482 derivatur
593 2419 648 2499 (5).
672 2415 759 2480 Nam
785 2414 918 2501 concipi
940 2437 1008 2481 non
1031 2421 1141 2501 potest
1155 2412 1348 2480 iurisdictio

176 2525 247 2590 sine
270 2524 425 2610 subditis,
461 2533 495 2590 et
517 2525 553 2590 hi
577 2525 797 2610 assignantur
833 2547 900 2590 non
943 2523 979 2589 in
1014 2522 1264 2589 consecratione
1291 2523 1349 2587 sed

176 2631 439 2698 confirmatione.
464 2632 562 2696 Adde
586 2631 675 2716 quod
699 2631 726 2696 si
751 2631 784 2696 S.
811 2631 973 2696 Pontifex
996 2653 1063 2696 non
1086 2637 1218 2714 partem
1242 2629 1348 2713 potio-

175 2762 248 2804 rem
269 2738 326 2804 sed
350 2746 457 2803 totam
486 2738 734 2823 plenitudinem
770 2738 947 2824 potestatis
981 2735 1227 2803 ecclesiasticae
1262 2735 1348 2801 obti-

175 2853 235 2909 net
258 2845 311 2928 (6),
341 2865 425 2928 opus
448 2853 499 2908 est
522 2853 561 2908 ut
584 2843 693 2910 omnis
719 2849 814 2910 actus
838 2844 1000 2928 cuiusque
1016 2841 1125 2908 fidelis
1148 2841 1206 2926 qui
1231 2841 1348 2905 Eccle-

174 2950 244 3016 siae
268 2950 458 3035 subiicitnr,
484 2949 655 3036 dirigatur
688 2974 750 3035 per
784 2951 871 3015 hanc
900 2950 1033 3036 plenam
1058 2947 1233 3014 Pontificis
1256 2956 1348 3032 pote-

175 3065 308 3122 statem.

265 3166 313 3230 Et
337 3173 511 3250 practerea
534 3166 615 3230 haec
638 3164 753 3251 opinio
768 3173 820 3230 est
839 3163 1032 3251 simplicior,
1051 3163 1132 3250 quia
1154 3163 1255 3229 unico
1270 3171 1348 3227 actu

247 3396 287 3468 (l)
307 3395 406 3466 Epist.
426 3394 530 3449 LXIX
553 3395 591 3449 ad
611 3395 796 3450 Punianum.

248 3503 288 3575 (2)
308 3502 388 3558 lbid.

249 3610 289 3682 (3)
309 3613 379 3666 Ben.
397 3606 483 3674 XIV,
503 3610 548 3665 De
568 3627 634 3682 syn.
654 3609 673 3666 l.
692 3611 716 3678 7,
737 3628 761 3666 c.
779 3612 806 3675 ὃς
826 3613 930 3678 Boutae,
953 3613 996 3666 De
1017 3611 1118 3682 episc,
1138 3629 1164 3681 p.
1186 3610 1210 3666 Ι.

249 3719 289 3789 (4)
309 3720 339 3775 S.
361 3719 504 3784 leomni,
524 3719 549 3786 2,
569 3718 612 3785 39,
633 3735 661 3772 a.
680 3719 706 3786 3;
738 3720 809 3774 Pius
832 3721 885 3784 IX,
906 3718 980 3774 Litt.
1008 3719 1115 3788 Apost.
1134 3739 1149 3768 ‹
1167 3719 1349 3774 Universalis

173 3812 367 3874 Ecclesiae»,
389 3809 467 3863 1850.

247 3913 288 3985 (5)
307 3911 370 3968 cfr.
392 3915 422 3970 S.
443 3916 542 3970 Thom.
564 3913 594 3966 in
613 3915 631 3967 2
652 3920 681 3967 et
700 3914 718 3967 4
737 3914 873 3969 Sentent.
905 3920 935 3968 st
955 3911 1134 3983 praesertim
1155 3910 1185 3964 in
1205 3912 1223 3964 4
1242 3917 1348 3964 contra

173 4002 319 4074 gentilem
340 4003 459 4068 Sacrae,
483 4003 526 4056 Da
547 4001 678 4070 legibus
700 4001 753 4058 lib.
777 4002 799 4068 l,
832 4021 861 4057 n.
888 4002 920 4056 12
947 4009 1099 4073 et.scqq.;
1132 3999 1186 4056 lib.
1205 3999 1254 4065 lv,
1276 4018 1302 4054 c.
1322 3999 1350 4068 43

173 4093 284 4148 Bencd.
304 4093 388 4158 XIV,
409 4108 455 4161 op.
476 4091 526 4146 cit.
547 4089 599 4145 lib.
619 4091 644 4159 I,
664 4109 688 4145 c.
706 4093 731 4158 4,
753 4109 782 4146 n.
800 4093 830 4161 2;
851 4093 994 4160 Oplatum
1013 4091 1081 4146 adv.
1100 4091 1219 4157 Donat,
1240 4089 1259 4144 l.
1279 4089 1348 4157 VII,

172 4199 200 4236 c.
218 4181 236 4235 3
255 4187 286 4234 et
306 4180 384 4234 alios
407 4179 525 4235 Patres.

244 4288 285 4357 (6)
306 4287 396 4342 Cone.
416 4285 526 4357 Vatia,
546 4287 649 4343 Const.
672 4311 685 4338 ι
706 4291 814 4345 Pastor
834 4293 972 4344 aeternas
993 4308 1016 4356 ν,
1036 4305 1060 4342 c.
1079 4289 1105 4342 3.
