3220 4898
1273 357 1325 411 193

148 475 263 540 valore
287 473 440 558 iuridico,
476 495 649 560 quousque
676 473 854 541 evidenter
877 497 944 542 non
967 485 1083 562 pateat
1117 479 1149 545 S.
1175 480 1323 567 Congre-

148 580 303 666 gationes
326 594 594 666 praetergressus
617 603 688 646 esse
708 581 835 647 limites
854 583 1076 650 demandatae
1099 587 1323 655 auctoritatis.

237 687 280 753 In
303 688 539 772 quodcumque
558 682 672 755 autem
689 711 794 774 genus
810 698 961 756 actorum
978 692 1224 760 advertendum
1241 696 1324 762 haec

147 803 315 880 quatenus
338 796 486 861 eduntur
510 820 529 862 a
552 796 707 881 legitima
731 797 934 863 auctoritate
958 798 992 864 S.
1010 797 1324 886 Congregetionum

146 925 215 968 non
249 925 345 968 secus
365 904 494 968 'valere
530 925 569 968 ao
600 902 627 968 si
652 904 817 970 darentur
839 927 859 970 a
882 927 1039 990 supremo
1063 906 1232 994 Principe.
1257 909 1324 975 Hic

49 999 51 1002 ’
146 1009 238 1076 enim
261 1033 323 1095 per
346 1033 381 1076 se
405 1017 465 1075 aut
499 1033 560 1096 per
587 1010 669 1077 alios
693 1033 789 1078 suam
825 1011 1063 1078 auctoritatem
1086 1037 1241 1080 exercere
1264 1038 1322 1082 va·

145 1117 203 1200 let,
228 1123 262 1182 et
285 1118 425 1203 plenum
448 1124 499 1183 est
523 1121 582 1200 (1).

237 1224 485 1310 Responsiones
510 1224 544 1291 S.
557 1223 881 1310 ·Congregationum
905 1211 1007 1291 certis
1029 1223 1186 1294 formulis
1210 1229 1322 1316 expri-

145 1328 193 1394 mi
218 1329 342 1412 solent3
365 1329 531 1396 rationem
556 1352 725 1396 veronen
748 1328 929 1395 includunt
951 1329 1074 1416 quibus
1097 1331 1221 1398 decisio
1245 1335 1323 1400 sub-

145 1435 242 1502 uitur
265 1439 322 1521 (2).
395 1445 399 1453 ’

236 1547 289 1608 28.
315 1543 602 1630 Congregationes
625 1566 783 1610 romanae
806 1551 907 1608 sunt:

235 1651 264 1716 I.
292 1649 506 1738 Conprepctt'o
539 1651 743 1717 Universulis
769 1650 1004 1735 Inquisitiom's
1026 1673 1082 1715 seu
1106 1653 1142 1719 S.
1170 1653 1279 1740 Officii
1303 1681 1323 1722 a

144 1759 255 1824 Paulo
279 1747 335 1824 ΙΙΙ
361 1757 505 1823 fundata
528 1759 640 1843 (1542)
672 1764 706 1822 et
730 1780 749 1822 a
775 1755 866 1822 Siste
889 1757 921 1822 V
944 1765 1107 1824 renovata
1130 1761 1187 1842 (3).
1214 1761 1322 1830 Gene-

218 1955 259 2026 (1)
281 1957 367 2026 Lapa.
390 1970 436 2023 op.
456 1953 506 2006 cit.
526 1952 594 2006 Lib.
616 1953 638 2019 i,
661 1953 720 2008 vol.
739 1953 781 2020 II,
801 1953 850 2008 tit.
875 1958 927 2009 XI.

218 2061 258 2129 (2)
278 2060 467 2130 Praecipuae
487 2067 578 2113 sunt:

217 2168 571 2239 Affirmative·Nepativc.

217 2257 406 2327 Affirmutive
426 2287 433 2296 ·
454 2255 618 2327 (Nepotivc)
653 2259 694 2312 od
713 2261 840 2311 mentem
870 2256 917 2310 vel
936 2259 1022 2312 iurata
1050 2265 1190 2330 meatem
1208 2260 1321 2331 quibus

143 2345 248 2400 verbis
268 2345 438 2415 explicatur
467 2339 585 2399 sensus
604 2349 634 2398 et
656 2343 701 2398 vis
722 2343 890 2398 decisionis
910 2345 1049 2399 addendo
1070 2347 1234 2402 nonnullas
1252 2365 1321 2402 con·

144 2434 281 2490 ditiones
301 2451 355 2488 seu
375 2433 579 2488 limitationes
599 2433 736 2504 generali
763 2433 966 2504 responsioni.

216 2523 405 2595 Affirmatiue
431 2528 456 2578 et
476 2527 609 2592 amplios
628 2554 638 2562 -
657 2525 799 2595 Nepatice
831 2529 857 2578 ct
887 2527 1042 2592 amplius;
1074 2531 1103 2577 et
1123 2531 1196 2578 tunc
1217 2524 1321 2580 Cardi-

143 2614 232 2670 nales
252 2613 442 2668 arbitrantur
474 2631 595 2668 causam
617 2613 675 2668 iam
696 2632 763 2669 esse
784 2621 933 2667 maturam
954 2613 1115 2683 expeditae
1136 2615 1321 2682 executioni,
1353 2645 1354 2649 =

144 2723 200 2760 nec
219 2703 360 2758 ulteriori
382 2703 521 2774 indigere
542 2703 690 2758 examine.

217 2795 340 2848 Lectum
361 2797 413 2844 aut
432 2795 541 2847 lectam
560 2794 601 2846 ad
620 2795 804 2857 instantiam,
826 2807 880 2845 seu
900 2791 967 2863 ipsa
981 2791 1188 2862 Congregatic
1209 2793 1321 2848 lectam

142 2881 327 2936 instantiam
347 2878 445 2934 reicit.
1032 2925 1035 2931 .

215 2973 364 3036 Relatum,
386 2986 492 3038 nempe
514 2967 659 3022 Pontifex
678 2969 807 3022 relatam
824 2969 1002 3024 instantiam
1024 2989 1082 3026 oon
1098 2971 1320 3026 admittendam

142 3076 211 3114 esse
233 3057 391 3113 iudicavit.

215 3150 400 3216 Repooaiur,
420 3147 445 3200 si
467 3147 691 3200 controversiae
712 3149 771 3201 iam
795 3147 986 3202 introductae
1006 3147 1169 3202 videantur
1188 3148 1321 3204 ulterius
1351 3177 1352 3180 ¹

92 3233 95 3236 ’
141 3255 203 3293 non
224 3235 462 3308 prosequendae,
484 3241 537 3290 aut
557 3235 705 3290 nonnulla
724 3236 905 3290 documenta
925 3235 1027 3303 allata,
1048 3234 1182 3307 aliquam
1203 3242 1320 3290 contro·

142 3325 276 3382 versiam
294 3324 494 3396 respicientia
515 3324 674 3380 videantur
693 3342 752 3379 non
774 3325 969 3381 attendenda.

131 3487 133 3491 ι
216 3417 331 3479 Dilata,
362 3431 429 3468 cum
461 3413 686 3469 controversiae
718 3415 766 3468 vel
795 3413 913 3484 negotii
934 3411 1073 3467 definitio
1094 3413 1174 3467 haud
1195 3413 1320 3467 decerni

141 3510 255 3578 potest,
273 3503 404 3557 maxime
425 3504 497 3574 quia
515 3502 634 3573 potiora
654 3501 868 3556 desiderantur
888 3508 1077 3570 argumenta.

214 3595 320 3650 Dilata
339 3596 382 3649 od
397 3597 584 3662 proximam,
612 3593 661 3646 vel
689 3597 759 3662 post
786 3609 893 3664 aquas,
916 3592 964 3645 vel
981 3596 1049 3660 post
1066 3607 1155 3662 repes,
1177 3591 1224 3645 vel
1251 3594 1322 3660 post

140 3699 246 3756 aprica,
265 3682 314 3736 vel
339 3687 408 3752 post
427 3687 532 3752 tynam,
552 3681 672 3751 quando
688 3697 781 3735 causa
801 3679 943 3735 differtur
961 3679 1000 3734 ad
1019 3679 1185 3749 proximam
1208 3679 1321 3749 Oongr.

141 3790 212 3844 gen.
249 3772 297 3840 vel
329 3777 399 3841 post
426 3770 609 3824 autunnales
640 3769 744 3838 ferias,
763 3776 832 3840 poet
864 3767 1077 3840 Epiphaniam,
1097 3775 1165 3839 post
1191 3768 1319 3836 Pascha,

140 3868 212 3934 poet
232 3861 455 3916 Pentecostem.

214 3953 284 4006 Non
300 3953 468 4020 proposito,
488 3948 514 4002 si
535 3948 715 4004 cardinales
736 3948 835 4002 nolint
855 3965 979 4002 causam
992 3945 1178 4018 propositam
1201 3945 1320 4016 agitare

140 4048 173 4096 et
194 4040 355 4094 resolvere.
376 4037 438 4094 Ofr.
459 4039 549 4108 Lapa,
569 4055 614 4109 op.
634 4037 686 4093 cit.
704 4037 724 4092 l.
742 4055 767 4091 c.
788 4055 815 4094 n.
837 4038 898 4092 102.

213 4147 253 4216 (3)
273 4145 336 4202 cn.
356 4144 460 4201 Const.
483 4165 495 4196 ι
516 4148 631 4200 Licet»
664 4143 754 4199 Pauli
774 4143 887 4212 111,21
907 4143 964 4218 Iul.
986 4143 1065 4212 15423
1083 4143 1188 4199 Oonst.
1220 4161 1236 4194 e
1258 4143 1321 4198 Irus

139 4253 245 4294 mensa
265 4233 380 4289 »sixti
412 4235 446 4301 V,
466 4233 586 4288 221an.
620 4235 695 4301 issu
715 4231 825 4289 Oonst.
853 4253 869 4286 a
889 4233 1023 4289 Sollicita
1043 4250 1059 4283 a
1091 4232 1167 4287 Ben.
1199 4230 1321 4299 JXIV,9

137 4324 216 4382 Iulii
239 4324 317 4391 1753,
337 4321 357 4396 ξ
376 4325 403 4378 3.

195 4446 328 4490 Murram
342 4469 368 4478 -
378 4445 496 4490 Eumenes
510 4445 572 4489 imae
586 4444 638 4489 eccl.
649 4442 714 4498 publ.
729 4443 750 4488 et
760 4445 861 4498 pravast.
1241 4444 1267 4485 ut
