3200 4890
285 233 337 295 104

283 369 379 424 untur
399 365 567 444 cupientes
575 361 643 424 Deo
668 366 831 444 inservire,
852 365 961 426 mundi
994 365 1131 444 pericula
1151 367 1283 444 evitare,
1305 371 1340 425 et
1360 367 1454 442 spiri-

282 461 360 522 tuali
380 465 588 540 proximorum
601 461 698 522 saluti
718 482 778 538 qua
798 463 947 542 exemplo,
961 483 1021 538 qua
1041 481 1132 539 opere
1153 461 1190 521 ad
1214 466 1448 540 praescriptum

282 559 436 636 instituti,
457 559 538 634 quod
558 558 754 636 profitentur,
775 561 944 620 consulere.
965 561 1014 620 Ex
1035 559 1174 620 Novitiis
1201 563 1286 621 enim
1309 561 1457 636 Religio-

281 660 333 718 nis
353 657 473 733 bonnm,
487 655 537 715 vel
550 655 665 740 malum
685 676 812 734 prorsus
825 657 950 735 pendet:
964 657 1210 734 qnandoquidem
1232 659 1265 716 hi
1287 665 1364 717 sunt
1385 658 1453 716 Re-

282 754 424 830 ligiosum
445 756 572 830 semina,
594 756 622 813 si
642 756 779 814 novitiae
807 757 889 814 vites
910 753 1045 818 infectae
1066 757 1140 832 sint,
1165 757 1292 814 nonnisi
1322 753 1455 814 fructus

282 851 354 912 muli
374 851 478 928 colligi
499 858 637 928 possunt.
658 844 855 929 Quapropter
876 853 1010 912 Romani
1024 851 1192 914 Pontifices
1212 858 1246 911 et
1259 855 1453 930 praesertim

283 948 390 1008 Sixtus
411 949 441 1010 V
463 949 519 1028 (1),
541 948 683 1008 Clemens
704 949 861 1032 vinc),
886 951 1087 1008 Innocentius
1108 950 1139 1008 X
1161 951 1219 1028 (3),
1241 961 1273 1008 et
1294 949 1453 1008 Innocen-

282 1049 346 1108 tius
367 1046 435 1106 XII
460 1047 512 1122 (4),
544 1045 748 1114 saluberrima
769 1046 894 1122 edidere
924 1047 1067 1128 Decreta,
1087 1048 1199 1124 quibus
1231 1048 1315 1124 leges
1337 1051 1373 1106 in
1393 1047 1454 1105 ad-

281 1143 443 1204 mittendis
466 1143 603 1204 Novitiis
624 1145 795 1205 servandae
816 1146 1095 1206 constituebantur.
1120 1145 1194 1207 Cum
1211 1149 1310 1222 igitur
1332 1145 1389 1206 SS.
1405 1146 1447 1206 D.

283 1240 322 1300 N.
343 1240 501 1322 PiusPP.
523 1240 574 1300 IX
594 1241 633 1300 ab
654 1243 732 1317 ipsis
763 1240 968 1300 Pontificatus
997 1245 1046 1300 sui
1067 1242 1246 1318 primordiis
1279 1242 1456 1319 pastoralis

283 1337 464 1414 vigilantiae
484 1337 589 1396 studia
609 1338 818 1396 convertenda
838 1357 906 1398 esse
927 1338 1054 1398 duxerit
1073 1337 1113 1396 ad
1131 1337 1366 1416 ¹Religiosaruin
1387 1339 1452 1398 Fa-

281 1417 438 1494 miliarnm
458 1435 656 1512 disciplinam
677 1437 751 1494 totis
772 1437 893 1495 viribus
906 1435 1153 1514 promovendam,
1168 1436 1452 1496 Praedecessorum

281 1549 406 1592 suorum
417 1535 551 1608 vestigia
561 1531 711 1592 sectando
728 1539 844 1592 certam
865 1533 1068 1608 stabilemque
1081 1533 1180 1610 legem
1195 1533 1454 1594 constituendam

281 1649 350 1690 esse
371 1633 573 1708 existimavit,
606 1650 684 1706 quae
715 1634 748 1690 in
782 1632 987 1693 admittendis
1018 1631 1156 1694 Novitiis
1177 1633 1216 1691 ad
1248 1633 1392 1690 habitum
1416 1639 1455 1690 et

282 1728 504 1804 professionem
525 1732 643 1788 servari
664 1733 787 1788 omnino
807 1730 943 1790 deberet.
965 1731 1013 1790 Re
1035 1733 1133 1807 igitur
1147 1731 1332 1790 demandata
1352 1730 1385 1790 S.
1409 1731 1455 1791 R.

282 1827 319 1888 E.
340 1825 557 1886 cardinalibus
578 1826 671 1884 huius
693 1826 724 1888 S.
746 1827 1001 1904 Congregotionis
1021 1827 1060 1888 de
1081 1827 1173 1887 Statu
1200 1829 1410 1905 Regularium
1437 1849 1458 1888 a

282 1925 457 1984 Sanctitate
479 1925 541 1982 Sua
562 1927 737 2000 institutae,
758 1925 1024 1999 Eminentissimis
1059 1926 1207 1985 Patribus
1227 1929 1382 1985 universa.
1399 1931 1452 1986 rei

282 2025 400 2082 ratione
421 2021 525 2081 sedulo
546 2022 774 2096 diligenterque
796 2042 957 2099 perpensa,
987 2025 1194 2082 necessarium
1218 2026 1315 2081 visum
1338 2017 1391 2082 est
1414 2028 1450 2082 in

282 2118 468 2179 admissione
491 2119 686 2180 Novitiorum
707 2119 745 2177 ad
777 2121 919 2178 habitum
940 2127 972 2179 et
992 2119 1217 2196 professionem
1249 2127 1355 2198 partes
1379 2140 1458 2180 con-

281 2219 435 2278 cedendas
456 2237 522 2278 esse
544 2219 657 2276 nedum
678 2217 879 2278 inferioribus
899 2219 1064 2297 Praelatis,
1086 2225 1118 2278 et
1153 2219 1374 2296 Superioribus
1396 2241 1457 2288 sre-

282 2317 449 2394 neralibus,
472 2320 693 2376 verumetiam
714 2317 871 2378 nonnullis
893 2318 964 2376 aliis
1000 2317 1167 2394 Religiosis
1195 2320 1272 2376 viris
1293 2319 1453 2394 probatae

283 2419 376 2488 vitae,
397 2415 548 2492 regularis
569 2414 754 2491 disciplinae
775 2416 837 2474 uelo
859 2415 1063 2490 ferventibus,
1085 2417 1212 2475 oonsilio
1233 2426 1266 2475 et
1285 2417 1453 2492 gravitate

282 2515 523 2591 praestantibus,
545 2521 715 2590 uteorum,
737 2517 788 2589 qui
824 2514 1001 2591 Religiosae
1022 2515 1172 2574 Familiae
1204 2535 1315 2574 nomen
1336 2513 1449 2572 daturi

282 2616 357 2688 sint,
379 2611 520 2688 indolem,
542 2614 711 2688 ingenium,
734 2632 842 2690 mores,
863 2621 1042 2686 ceterasque
1063 2614 1255 2670 necessarias
1275 2611 1366 2670 dotes
1401 2630 1453 2668 ac-

281 2715 387 2768 curate
409 2709 579 2784 explorent,
601 2716 633 2768 et
654 2709 759 2768 sedulo
781 2713 981 2787 investigent,
1003 2729 1061 2784 quo
1082 2709 1219 2787 consilio,
1238 2729 1297 2784 quo
1319 2713 1451 2787 spiritu,

282 2827 343 2882 qua
363 2809 482 2865 ratione
504 2805 541 2864 ad
564 2807 737 2882 regularem
759 2811 856 2866 vitam
877 2807 1044 2868 ineundam
1064 2807 1227 2883 ducantur,
1250 2813 1282 2865 et
1304 2827 1355 2866 eos
1379 2813 1449 2865 tan·

285 2912 350 2964 tum
370 2905 510 2981 probent,
531 2923 606 2979 quos
627 2905 794 2968 secundum
815 2905 914 2964 Deum
936 2905 1059 2964 idoneos
1073 2924 1141 2964 esse
1163 2924 1273 2963 revera
1297 2908 1450 2964 constite-

285 3005 337 3064 rit.
371 3001 551 3060 Sententiae
574 3001 685 3060 Sacrae
707 3001 961 3078 Oongregationis
990 3002 1212 3062 Sanctissimus
1246 3006 1278 3061 in
1317 3001 1446 3062 Christo

174 3155 176 3160 .
284 3101 379 3159 Pater
400 3100 565 3159 inhaerens
586 3119 631 3176 ea,
652 3119 730 3174 quae
751 3106 931 3174 sequuntur,
954 3119 1007 3176 pro
1029 3098 1133 3178 Italia,
1154 3106 1187 3160 et
1211 3100 1331 3159 insulis
1352 3101 1445 3158 adia-

283 3201 384 3257 centis
405 3199 461 3256 hoe
481 3201 640 3274 perpetuis
661 3197 778 3256 futuris
799 3197 989 3274 temporibus
1014 3197 1148 3256 valituro
1170 3199 1303 3257 Decreto
1326 3204 1450 3276 aposto-

284 3297 343 3354 lica
365 3295 426 3354 Sua
447 3298 632 3354 auctoritate
654 3298 775 3372 statuit,
791 3302 882 3370 atque
893 3295 1043 3354 decernit.

344 3484 378 3543 (1)
394 3480 487 3550 Const.
506 3479 568 3530 Cum
584 3481 615 3529 cle
631 3480 740 3530 omnibu
757 3481 824 3530 anni
842 3482 913 3530 1587.

345 3563 381 3622 (2)
396 3561 475 3615 Deor.
493 3561 539 3610 cui
555 3561 669 3610 initium
688 3562 862 3610 Sanctissimus
878 3562 904 3610 ic
923 3561 1023 3610 Obriato
1039 3561 1121 3612 Pater
1139 3561 1195 3614 diei
1212 3563 1243 3611 19
1258 3559 1329 3612 Maii
1347 3563 1419 3612 1602.

345 3641 381 3701 (3)
397 3641 481 3690 Instr.
499 3641 543 3689 Ad
559 3639 763 3700 propagandam
779 3639 834 3690 diei
850 3642 865 3689 5
881 3639 1047 3692 Novembris
1064 3643 1134 3692 1654.

343 3722 378 3781 (4)
395 3721 474 3771 Deor.
493 3722 667 3771 Sanctissimus
682 3723 708 3770 in
725 3720 825 3771 Christo
843 3720 923 3770 Pater
939 3721 995 3772 diei
1012 3723 1042 3771 18
1058 3723 1125 3772 Iulii
1143 3725 1215 3774 1695.
