3266 4896
642 621 961 753 dLLEGATUM

236 1053 239 1060 '
312 1073 584 1150 nersronn
613 1070 926 1148 aucxcmcn
957 1069 1156 1146 nnoms
1184 1071 1290 1146 xm

386 1229 437 1280 AD
453 1227 649 1279 EPISOOPOS
665 1217 876 1279 UNIVERSOS
892 1227 1091 1278 GATHOLICI
1107 1227 1215 1278 ORBIS

441 1348 497 1406 DE
530 1346 774 1406 CIVITATUM
809 1345 1156 1406 OONSTITUTIONE

666 1477 935 1537 CHRISTIANA

294 1771 474 1830 immortale
495 1771 554 1830 Dei
576 1773 756 1830 miserentis
778 1789 863 1846 opus,
885 1768 967 1845 quod
980 1778 1030 1828 est
1044 1767 1193 1844 Ecclesia,
1205 1787 1389 1844 quamquam

210 1886 323 1942 perse
344 1875 377 1926 et
398 1875 511 1926 natura
533 1887 588 1926 sua
603 1867 736 1926 salutem
751 1873 874 1943 spectat
897 1869 1070 1924 animorum
1095 1865 1389 1942 adipiscendamque

214 1967 247 2022 in
268 1966 361 2026 coelis
389 1965 583 2040 felicitatem,
620 1967 777 2025 tamenin
803 1968 872 2042 ipso
894 1969 990 2024 etiam
1012 1985 1116 2023 rerum
1137 1965 1314 2023 mortalium
1335 1984 1388 2040 ge-

213 2083 287 2122 nere
310 2070 357 2123 tot
377 2084 412 2122 ao
434 2071 540 2123 tantas
560 2065 644 2124 ultro
665 2069 750 2141 parit
771 2065 937 2141 utilitates,
952 2070 988 2122 ut
1009 2064 1115 2140 plures
1137 2065 1309 2122 maioresve
1326 2082 1388 2121 non

215 2168 329 2239 posset,
351 2165 378 2220 si
399 2165 432 2220 in
453 2165 564 2239 primis
595 2168 628 2220 et
649 2165 782 2222 maxime
804 2167 888 2221 esset
918 2162 958 2219 ad
990 2161 1138 2220 tuendam
1169 2161 1261 2219 huius
1293 2163 1388 2238 vitae,

214 2279 292 2334 quae
314 2263 347 2318 in
369 2263 463 2320 terris
475 2264 589 2338 agitur,
601 2263 842 2338 prosperitatem
853 2263 1045 2319 institutum.
1060 2259 1185 2317 Revera
1199 2277 1389 2333 quacumque

214 2357 355 2416 Ecclesia
375 2361 544 2434 vestigium
566 2362 679 2436 posuit,
701 2361 847 2416 continuo
869 2377 972 2416 rerum
995 2356 1106 2416 faciem
1128 2359 1315 2434 immutavit,
1337 2367 1390 2432 po'-

214 2456 398 2532 pularesque
420 2477 521 2516 mores
542 2460 625 2516 sicut
646 2458 818 2516 virtutibus
855 2463 948 2515 antea
969 2459 1095 2532 ignotis,
1117 2459 1163 2513 ita
1184 2440 1317 2514 et'nova
1338 2475 1389 2512 ur-

216 2557 356 2614 banitate
378 2555 499 2614 imbuit:
524 2575 616 2630 quam
646 2562 796 2630 quotquot
822 2573 966 2630 accepere
996 2553 1111 2630 populi,
1139 2552 1389 2630 mansuetudine,

214 2655 372 2727 aequitate
394 2673 497 2711 rerum
511 2659 672 2730 gestarum
686 2653 786 2729 gloria
801 2652 1025 2711 excelluerunt.
1048 2685 1085 2695 -
1102 2650 1163 2709 Sed
1177 2657 1269 2710 vetus
1284 2656 1389 2709 tamen

215 2749 270 2808 illa
290 2755 340 2809 est
360 2755 453 2824 atque
475 2753 604 2824 antiqua
624 2753 825 2826 vituperatio,
847 2749 928 2824 quod
949 2748 1120 2807 Ecclesiam
1136 2751 1304 2807 aiuntesse
1320 2767 1389 2806 cum

215 2848 390 2906 rationibus
411 2848 600 2923 reipublicae
622 2847 839 2926 dissidentem,
860 2851 1094 2922 necquicquam
1115 2865 1204 2922 posse
1227 2846 1266 2904 ad
1288 2865 1324 2904 ea
1339 2846 1390 2904 vel

215 2945 372 3004 commoda
392 2945 443 3004 vel
464 2952 647 3005 ornamenta
668 2945 821 3024 conferre,
854 2965 932 3020 quae
965 2965 1019 3004 suo
1051 2949 1118 3003 iure
1141 2946 1256 3020 suaque
1279 2951 1390 3021 sponte

214 3045 315 3102 omnis
337 3043 414 3101 bene
446 3045 618 3102 constituta
649 3045 762 3104 civitas
795 3047 926 3120 appetit.
963 3044 1027 3102 Sub
1048 3045 1125 3119 ipsis
1146 3042 1304 3102 Ecclesiae
1326 3045 1390 3119 pri-

214 3140 343 3199 mordiis
365 3161 426 3199 non
448 3141 594 3200 dissimili
630 3145 785 3218 opinionis
812 3145 980 3218 iniquitate
1001 3143 1116 3218 agitari
1138 3142 1335 3218 christianos,
1358 3147 1390 3200 et

214 3237 318 3296 odium
341 3238 553 3313 invidiamque
575 3242 678 3297 vocari
701 3240 810 3297 solitos
832 3240 890 3298 hac
911 3242 1006 3298 etiam
1021 3239 1059 3297 de
1074 3257 1183 3296 caussa
1204 3241 1388 3315 accepimus,

214 3335 295 3409 quod
316 3336 422 3394 hostes
443 3339 566 3412 imperii
591 3336 789 3396 dicerentur:
824 3356 884 3412 qno
915 3343 1053 3413 tempore
1087 3335 1236 3394 malorum
1257 3335 1390 3412 culpam,

214 3434 327 3508 quibus
348 3439 432 3493 esset
453 3434 595 3510 perculsa
620 3435 804 3511 respublica,
839 3435 931 3511 vulgo
964 3435 1081 3492 libebat
1115 3437 1149 3491 in
1181 3433 1390 3491 christianum

214 3531 357 3592 conferre
378 3551 500 3610 nomen,
522 3553 591 3591 cum
612 3553 722 3592 revera
757 3533 841 3592 ultor
866 3533 1016 3592 scelerum
1038 3534 1123 3592 Deus
1144 3551 1259 3609 poenas
1280 3552 1298 3590 a
1320 3551 1391 3589 son·

215 3632 300 3690 tibus
328 3635 428 3690 iustas
450 3635 600 3707 exigeret.
635 3632 713 3690 Eius
742 3635 891 3691 atrocitas
913 3632 1085 3691 calumniae
1107 3650 1166 3689 non
1189 3633 1257 3690 sine
1279 3648 1390 3688 caussa

214 3733 375 3806 ingenium
397 3733 532 3788 armavit
553 3729 720 3804 stilumque
741 3731 827 3788 acuit
849 3731 1030 3805 Augustini:
1062 3731 1114 3804 qui
1146 3728 1333 3805 praesertim
1355 3729 1389 3784 iu

218 3827 348 3888 Oivitotc
368 3829 429 3886 Dei
448 3829 600 3886 virtutem
634 3827 825 3886 christianae
847 3829 1030 3904 sapientiae,
1052 3846 1112 3901 qua
1133 3832 1222 3902 parte
1255 3827 1387 3883 necessi-

215 3923 356 3982 tudinem
377 3925 473 3982 babet
493 3943 562 3982 cum
584 3924 752 4001 republica,
775 3931 863 3982 tanto
885 3927 918 3982 in
939 3924 1055 3983 lumine
1077 3923 1249 4000 collocavit,
1270 3927 1388 3980 utnon

215 4028 279 4080 tam
300 4041 356 4098 pro
377 4021 561 4080 christianis
589 4025 638 4081 sni
653 4025 802 4100 temporis
834 4022 953 4082 dixisse
985 4041 1135 4100 caussam,
1156 4041 1247 4096 quam
1270 4020 1308 4079 de
1330 4022 1389 4078 cri-

213 4121 352 4178 minibus
373 4119 464 4178 falsis
495 4126 680 4196 perpetuum
703 4121 894 4198 triumphum
926 4123 1027 4196 egisse
1061 4120 1213 4178 videatur.
1236 4153 1275 4162 —
1297 4118 1390 4177 Simi-
