3200 4890
309 337 364 393 394

311 461 358 529 sit
381 462 576 552 resignatio,
599 487 667 531 non
691 465 818 532 videris
842 465 926 532 mihi
955 467 1153 533 beneficium
1189 489 1262 532 rere
1289 489 1487 553 procurare.

312 570 406 636 Idem
429 571 485 636 dio
508 572 549 637 de
573 576 853 659 praesentatione,
878 575 931 641 vel
955 574 1118 641 electione
1141 573 1279 640 aliunde
1312 573 1486 640 invalidis.

401 675 481 742 Dixi
506 686 637 766 eccepto
654 683 900 766 permutatione,
940 703 1019 746 nam
1053 679 1214 746 simoniae
1236 678 1488 746 confidentialis

311 782 360 848 rai
384 806 451 850 non
473 793 553 852 sunt
570 797 790 874 permutantes
812 791 895 854 inter
917 811 950 854 se
972 790 1162 875 beneficium,
1187 787 1215 853 si
1232 787 1317 873 quid
1332 785 1487 872 praedio·
1582 780 1583 785 ’

311 891 510 960 torumsibi
535 895 795 960 reservaverint.
820 894 923 960 Ratio
946 895 1109 980 estquod
1139 895 1176 960 in
1210 894 1323 960 Bullis
1356 893 1412 958 Pii
1437 893 1488 956 IV
1583 949 1584 956 ,

311 1005 345 1064 et
368 997 423 1066 Pii
447 1000 479 1064 V
502 1023 609 1066 sermo
632 1009 683 1078 est
706 1002 748 1067 de
770 1024 808 1067 eo
832 1001 890 1087 qui
915 1009 1076 1088 procurat
1098 1001 1301 1069 beneficium
1317 1003 1487 1086 conferen-

208 1095 216 1110 ’
310 1106 360 1189 do,
385 1106 440 1172 vel
463 1109 661 1196 resiprmodo,
685 1111 910 1194 resarciendo,
934 1111 1078 1191 cedendo,
1102 1117 1164 1175 etc.
1190 1109 1296 1176 Porro
1327 1107 1393 1172 sub
1429 1127 1488 1172 no·
1583 1153 1584 1162 .

311 1211 401 1277 mine
424 1214 670 1302 resignationis,
695 1216 968 1302 renunciationis,
994 1216 1161 1302 cessionis,
1184 1216 1290 1301 vulgo
1327 1237 1397 1280 non
1434 1213 1486 1278 in-

310 1318 480 1404 telligitur
506 1322 723 1408 permutatio.

400 1428 587 1494 Praeterea:
610 1429 718 1495 Piana
740 1430 796 1494 lex
818 1452 857 1496 eo
880 1437 1019 1516 spectat,
1043 1454 1085 1496 ne
1108 1428 1270 1496 beneficia
1292 1428 1392 1513 quasi
1428 1427 1488 1492 he-

310 1531 472 1598 reditario
496 1538 569 1600 iure
592 1535 879 1621 transmittantur,
904 1536 993 1621 quod
1016 1535 1232 1622 potissimum
1247 1531 1361 1600 locum
1380 1535 1485 1598 habet

310 1660 387 1703 oum
410 1661 449 1704 ea
473 1639 692 1726 resignantur
714 1642 750 1707 in
774 1641 926 1734 laveram
949 1643 1055 1709 tertii.

399 1748 473 1812 230.
498 1748 586 1814 Nota
610 1756 741 1833 quarto:
765 1750 806 1814 de
830 1771 868 1816 eo
883 1749 942 1835 qui
956 1747 1154 1815 beneficium
1171 1747 1256 1814 mihi
1269 1754 1432 1833 procurat
1445 1769 1484 1812 ea

309 1852 392 1938 lege,
419 1861 457 1917 ut
479 1857 539 1919 sibi
561 1855 677 1940 pensio
701 1879 743 1920 ex
765 1849 916 1922 eiusdem
941 1855 1093 1922 beneficii
1128 1854 1297 1920 fructibus
1334 1861 1484 1938 praeste-

309 1965 376 2042 tur,
401 1958 443 2024 lis
466 1969 517 2025 est
548 1985 592 2026 an
626 1961 803 2028 simoniam
837 1963 1109 2029 confidentialem
1146 1961 1336 2028 contrahat.
1378 1959 1484 2025 Ratio

308 2065 497 2130 dubitandi:
522 2067 604 2133 Pius
627 2069 659 2137 V
683 2091 760 2133 cum
782 2069 935 2154 loquitur
957 2071 999 2135 de
1032 2091 1177 2152 accessu,
1216 2069 1272 2134 vel
1309 2067 1480 2152 ingressu,

308 2173 364 2236 vel
387 2195 541 2258 regressu
565 2198 642 2240 eum
664 2176 782 2261 poenis
805 2185 936 2242 coercet
960 2175 1019 2261 qui
1042 2176 1125 2242 haee
1149 2173 1377 2241 reservaverit
1407 2174 1485 2257 sibi,
1585 2189 1586 2232 f

307 2279 363 2344 vel
387 2279 473 2362 aliis;
498 2304 574 2346 oum
599 2303 679 2348 vero
701 2283 742 2348 de
766 2284 935 2368 pensione,
961 2285 1016 2350 vel
1039 2282 1209 2348 fructibus
1221 2280 1374 2366 loquitur
1390 2292 1483 2346 coer-

308 2394 360 2450 cet
383 2388 571 2471 pactionem
594 2388 629 2454 vi
645 2389 741 2454 cuius
757 2389 900 2475 fruetus,
925 2391 978 2456 vel
1003 2412 1081 2474 pars
1105 2411 1220 2458 eorum
1244 2387 1312 2472 alii,
1330 2387 1388 2452 vel
1403 2385 1482 2452 aliis

307 2499 533 2577 praestentur.

398 2599 593 2666 Verisimile
617 2609 668 2668 est
690 2605 750 2668 ulii
774 2603 828 2668 vel
851 2605 927 2669 aliis
949 2604 1000 2669 ita
1026 2603 1183 2688 intelligi:
1220 2602 1279 2667 alii
1314 2602 1370 2666 vel
1407 2600 1483 2666 aliis

307 2728 409 2790 quam
433 2707 599 2793 recipiens
623 2709 831 2774 beneficium:
855 2709 884 2775 is
907 2710 998 2775 enim
1021 2717 1072 2776 est
1095 2709 1286 2775 subiectum
1314 2708 1477 2773 sermonis

308 2813 381 2891 Qua
403 2813 682 2899 interpretatione
705 2816 809 2881 verba
833 2817 1031 2882 referuntur
1052 2839 1184 2901 quoque
1219 2816 1262 2880 ad
1298 2837 1479 2901 procuran-

309 2927 386 2984 tem.
412 2920 500 2986 Sane
523 2921 606 2987 Pius
630 2923 661 2987 V
683 2922 863 2988 innovavit
890 2924 1001 3010 legem
1034 2923 1088 2988 Pii
1124 2923 1185 3000 IV,
1227 2924 1285 3008 qui
1321 2944 1475 3007 expresse

306 3025 459 3110 loquitur
481 3028 585 3093 etiam
607 3029 649 3094 de
671 3051 709 3094 eo
732 3029 790 3114 qui
813 3031 874 3094 sibi
896 3033 1091 3114 pensionem
1115 3036 1275 3095 reservat.

396 3133 464 3197 Res
488 3135 612 3200 elarius
635 3135 768 3221 patebit
790 3135 818 3201 si
841 3157 922 3221 prae
956 3137 1063 3202 oculis
1098 3137 1221 3202 habeas
1253 3143 1385 3200 textum
1423 3133 1474 3198 Pii

308 3240 349 3305 V.
377 3267 395 3301 c
420 3241 613 3308 Statuimus
636 3251 677 3307 ut
700 3242 727 3308 si
752 3242 838 3328 quis,
863 3265 1075 3328 quacumque
1109 3242 1322 3328 auctoritate,
1363 3231 1476 3308 E'cole·

307 3348 401 3432 siam,
428 3348 482 3412 vel
506 3350 757 3434 monasterium,
782 3358 842 3414 aut
866 3349 958 3414 aliud
983 3349 1183 3415 beneficium
1199 3348 1476 3415 Ecclesiasticum

306 3433 552 3539 qualecumque
577 3479 618 3520 ex
642 3455 880 3542 resignatione,
905 3457 958 3521 vel
982 3455 1129 3523 cessione
1145 3455 1387 3540 cuiuscumque
1402 3478 1476 3541 per-

306 3583 406 3626 sonae
429 3560 640 3647 simplioiter,
664 3569 725 3627 aut
748 3585 824 3627 cum
849 3561 994 3628 circuitu
1018 3569 1109 3628 retro
1132 3561 1291 3628 cessionis
1314 3585 1391 3627 oum
1430 3584 1478 3626 re

306 3689 433 3752 gressu,
458 3669 513 3733 vel
536 3691 681 3754 accessu,
705 3669 809 3734 etiam
833 3669 902 3735 sola
926 3669 1133 3735 dimittentis
1160 3668 1349 3735 intentione
1386 3691 1476 3734 rece·

305 3775 405 3859 perit,
429 3781 468 3838 ut
491 3775 561 3860 illa,
587 3775 642 3840 vel
665 3775 750 3840 illud
774 3773 878 3841 etiam
901 3773 938 3840 in
963 3783 1123 3841 eventum
1146 3797 1328 3860 regressus,
1353 3776 1409 3840 vel
1423 3797 1476 3841 ac-

306 3905 416 3947 cessus
440 3882 549 3949 eidem
578 3881 776 3969 dimittenti,
802 3885 857 3949 vel
894 3882 994 3949 alteri
1029 3891 1145 3980 postea
1179 3882 1385 3968 conferatur,
1421 3889 1480 3949 aut

305 3990 395 4054 illius
414 3991 554 4076 francias,
579 3991 627 4056 vel
649 4011 865 4075 eorrumpere
886 3992 956 4074 ulii,
996 3993 1045 4056 vel
1066 3991 1142 4056 aliis
1175 3991 1400 4074 marcore,
1432 3991 1481 4057 oei

300 4099 466 4182 pensiones
487 4099 654 4162 solvantur
676 4119 717 4164 aa
739 4099 866 4181 melem,
890 4097 973 4163 haee
997 4095 1200 4164 confidentia
1223 4105 1411 4164 censeatur.
1448 4098 1479 4162 I-

306 4203 412 4270 tidem
436 4204 464 4270 si
490 4204 700 4292 Ordinarius,
725 4206 780 4271 vel
806 4205 894 4272 alius
934 4206 1075 4272 collator
1109 4204 1292 4270 contulerit
1324 4201 1480 4290 antehae,
