3198 4898
300 317 354 372 828

301 440 432 506 toribus
454 447 679 506 numerantur
700 444 757 524 (1).
781 442 837 507 Ita
860 465 912 507 ex.
936 465 988 528 gr.
1012 464 1193 508 concursus
1217 464 1285 507 non
1312 438 1475 505 indicitur

300 569 378 612 cum
402 569 484 611 eura
506 545 698 612 animarum
720 549 852 615 adnexa
867 556 919 614 est
933 548 1147 615 monasteriis
1162 546 1384 634 regularium,
1409 567 1473 631 quo
1567 601 1568 636 ,

299 653 337 719 in
349 676 429 719 casu
439 653 679 724 monasterium
692 664 886 742 praesentat
897 655 1068 742 Episcopo
1080 653 1404 741 religiosumvirum
1416 655 1472 736 (2),

300 760 389 825 Item
413 759 440 824 si
464 759 603 825 ecclesia
626 769 677 826 est
699 761 785 827 iuris
807 770 1007 848 patronatus
1031 761 1161 830 laicalis
1201 763 1256 827 vel
1279 760 1379 828 mixti
1418 762 1470 844 (3),

300 874 336 932 et
359 863 566 952 generaliter
588 867 720 954 quoties
744 869 907 937 beneficia
930 877 1049 936 curata
1073 869 1110 934 in
1133 868 1239 934 nimia
1254 869 1380 954 degent
1395 889 1473 953 pau·

299 981 432 1060 pertate
456 975 511 1040 vel
533 976 629 1042 adest
653 976 842 1062 periculum
866 976 983 1062 gravis
1006 974 1166 1060 scandali,
1192 975 1248 1040 vel
1269 973 1386 1040 damni
1402 972 1472 1038 ani·
1568 1051 1569 1070 ,

300 1103 443 1164 marum,
467 1081 494 1146 si
518 1081 648 1148 diutius
671 1083 743 1148 sine
766 1091 894 1149 rectore
917 1083 1201 1168 relinquerentur,
1227 1082 1283 1147 vel
1305 1080 1423 1166 agitur
1434 1080 1473 1144 de
1568 1071 1569 1132 3

300 1188 551 1271 permutatione
574 1189 754 1274 parochiae
776 1213 854 1255 cum
877 1189 944 1255 alia
968 1189 1041 1276 pari
1067 1189 1215 1255 velsero
1251 1189 1307 1271 (4).
1342 1188 1387 1252 1n
1423 1185 1474 1251 his
1568 1179 1569 1182 '

301 1293 458 1360 omnibus
480 1295 612 1361 casibus
636 1303 749 1362 tamen
772 1319 914 1383 persona
937 1297 1057 1363 idonea
1080 1296 1116 1362 in
1146 1296 1302 1362 examine
1337 1301 1469 1378 reperta

301 1422 372 1464 esse
395 1401 496 1466 debet
518 1403 561 1468 ab
584 1402 873 1469 examinatoribus
895 1403 1116 1489 synodalibus
1139 1407 1195 1485 (b).
1225 1435 1228 1444 v

837 1676 857 1751 a
882 1671 944 1736 rv.

612 1819 652 1865 De
673 1798 861 1868 institutione
880 1824 908 1866 et
927 1815 1170 1878 inrepatronatus.

392 1989 465 2052 164.
484 1986 682 2058 Institutio
701 1989 884 2058 collativa
897 1989 1000 2056 tituli
1017 1991 1064 2072 (6)
1080 1989 1251 2058 definitur:
1276 2019 1291 2048 α
1308 1990 1475 2058 Concessio

300 2095 482 2160 ordinarie·
502 2099 648 2183 beneficii
671 2099 824 2163 ocreatis
846 2120 868 2163 a
891 2105 1089 2182 competente
1103 2099 1275 2194 superiore
1298 2103 1350 2182 (7)
1374 2099 1472 2163 alicui

376 2310 417 2378 (l)
436 2309 525 2379 Apud
546 2313 720 2377 Barbosam,
732 2311 763 2364 iu
775 2317 863 2366 tract.
882 2311 918 2366 de
938 2311 1014 2366 offic.
1034 2319 1064 2366 st
1077 2317 1187 2384 potest.
1199 2311 1356 2383 Episcopi.
1376 2311 1472 2382 Alleg.
1571 2283 1572 2328 l

302 2394 327 2468 6,
347 2417 375 2470 p.
395 2399 454 2466 ΙΙΙ,
478 2418 506 2457 n.
527 2401 560 2454 18
579 2411 610 2455 et
629 2418 711 2473 seqq.
731 2401 767 2455 In
787 2401 943 2473 aliquibus
963 2401 1150 2469 nationibus,
1170 2409 1203 2456 ut
1224 2403 1255 2456 in
1276 2401 1410 2472 irnperio
1424 2418 1469 2455 au·

302 2490 415 2546 siriaco
443 2507 478 2544 ac
501 2489 677 2561 germanico
702 2508 867 2544 concursus
893 2508 952 2545 non
984 2490 1019 2544 fit
1045 2491 1075 2545 in
1096 2490 1230 2561 singulis
1261 2490 1471 2546 vacationibus

303 2579 518 2634 beneficiorum
539 2579 769 2650 parochialium,
788 2580 842 2633 sed
863 2580 930 2634 eius
960 2582 1025 2635 loco
1058 2580 1092 2635 fit
1121 2597 1287 2636 concursus
1319 2580 1468 2652 generalis

301 2669 438 2740 quolibet
459 2686 538 2722 anno
558 2669 605 2722 vel
626 2667 766 2723 semestri
794 2668 825 2722 in
846 2668 956 2740 quibus
976 2669 1196 2724 renunciantur
1209 2669 1311 2724 idonci
1332 2669 1371 2724 ad
1391 2686 1467 2740 paro·

300 2758 400 2832 chiale
430 2757 568 2821 officium,
601 2765 632 2812 et
651 2764 778 2822 vacante
810 2758 954 2828 parochia
974 2776 1053 2813 unus
1074 2777 1110 2814 ex
1132 2759 1172 2814 iis
1193 2758 1380 2815 instituitur.
1409 2757 1465 2812 cfr.
1572 2753 1573 2780 ³

300 2848 516 2915 Sebastiuaettr,
536 2847 577 2912 ΙΙ,
597 2865 626 2903 n.
643 2848 706 2904 att.

373 2956 411 3019 (2)
433 2956 537 3011 Const.
555 2956 591 3008 47
611 2957 641 3011 S.
661 2960 708 3012 Pit
731 2959 762 3022 V,
784 2975 799 3008 a
819 2959 867 3012 Ad
884 2959 1094 3030 exequendum
1113 2975 1129 3007 »
1148 2954 1168 3030 ξ
1184 2957 1210 3010 4.
1230 2959 1255 3013 5.

373 3064 414 3133 (3)
433 3063 462 3120 S.
482 3065 514 3120 O.
534 3066 602 3120 (bb
626 3064 715 3121 Febr.
747 3067 825 3134 162&
846 3067 952 3122 Bcaed.
979 3068 1029 3120 XI
1033 3069 1067 3131 V,
1085 3065 1129 3124 De
1150 3083 1218 3138 syn.
1237 3067 1256 3120 l.
1275 3065 1327 3133 IV,
1347 3084 1372 3122 c.
1388 3067 1415 3120 8.
1431 3063 1461 3116 Iu

300 3151 528 3224 parochialibus
549 3171 619 3208 vero
639 3153 715 3208 iuris
735 3161 914 3224 patronatus
928 3155 1000 3210 eccl.
1020 3155 1118 3216 forma
1137 3171 1302 3209 concursus
1322 3151 1460 3209 servanda

300 3247 357 3305 est,
387 3259 446 3296 non
478 3243 619 3296 obstante
652 3241 803 3296 contraria
835 3243 1066 3300 consuetudine.
1096 3245 1241 3313 Pitonius,
1272 3242 1316 3297 De
1336 3249 1459 3296 controv.

302 3329 388 3386 Patr.
406 3338 476 3387 tom.
495 3331 519 3399 1,
540 3333 641 3402 Alleg.
660 3335 695 3391 V.

373 3441 413 3510 (4)
433 3444 631 3508 Maecenate,
651 3457 698 3511 op.
717 3441 769 3496 cit.
788 3458 812 3496 c.
832 3441 888 3495 IX.

371 3549 412 3620 (b)
432 3551 524 3605 (lonc.
543 3549 627 3605 Trid.
647 3549 657 3603 l
687 3567 720 3616 c.;
740 3551 784 3605 De
803 3551 921 3620 Amyclis
943 3549 961 3604 l.
980 3548 1038 3615 ΙΙΙ,
1059 3547 1108 3603 tit.
1128 3546 1161 3615 V,
1179 3565 1207 3602 n.
1225 3548 1272 3600 22.
1297 3575 1300 3578 -

374 3660 410 3723 (6)
430 3656 551 3712 Dicitur
570 3659 706 3712 collativa
725 3659 805 3712 tituli
817 3663 851 3708 ut
865 3655 1076 3724 distinguatur
1094 3654 1132 3708 ab
1152 3653 1350 3709 institutione
1369 3657 1457 3707 {aucto¹

299 3746 422 3801 rizabili
442 3764 519 3818 quae
548 3745 626 3799 nihil
655 3745 740 3799 aliud
769 3751 816 3798 est
848 3762 937 3816 quam
957 3743 1137 3815 approbatio
1157 3743 1303 3814 Episcopi
1323 3761 1381 3816 qua
1398 3755 1459 3796 cura

300 3837 470 3891 animarum
484 3836 652 3890 exercenda
675 3835 872 3890 committitur
892 3834 1003 3889 clerico
1026 3835 1063 3888 ad
1077 3832 1208 3889 officium
1228 3841 1366 3889 curatum
1390 3833 1460 3887 dioe-

299 3943 406 3981 ceseos
426 3925 463 3979 ab
483 3925 545 3979 alio
565 3911 710 3980 inferiore
731 3925 874 3980 Praelata
889 3941 941 3995 per
955 3923 1181 3978 institutionem
1195 3922 1371 3978 collativam
1385 3917 1458 3976 tituli

300 4021 448 4087 promote.

372 4105 434 4158 Nec
454 4121 513 4158 non
534 4103 572 4158 ab
592 4103 788 4159 institutione
806 4102 882 4158 reali
903 4119 956 4157 seu
978 4101 1162 4158 investitura
1181 4103 1219 4157 de
1239 4119 1386 4174 quamox.
1405 4098 1441 4158 Oi
1453 4142 1460 4156 .

303 4198 428 4250 Learen.
448 4193 489 4259 Il,
509 4211 537 4265 p.
555 4196 617 4264 2593
647 4198 758 4258 Weraa,
777 4195 820 4264 Il,
840 4212 868 4248 n.
886 4192 948 4246 442.
971 4235 974 4238 .

373 4307 413 4376 (7)
433 4305 616 4374 Competens
648 4304 786 4375 superior
818 4303 916 4374 quoad
949 4297 1098 4353 beneficia
1129 4298 1245 4354 maiora
1265 4304 1313 4353 est
1333 4293 1465 4352 solusll.
