3220 4898
306 372 358 427 198

303 497 455 564 instituit
478 500 594 565 Innoo.
618 501 670 566 XI
694 523 771 566 eum
801 523 940 566 munere
963 499 1158 585 inquirendi
1192 508 1227 566 et
1261 499 1468 587 expendendi

305 607 485 690 qualitates
507 609 823 694 promovendorum,
846 631 885 674 ao
900 608 1042 694 proinde
1064 608 1174 694 ipsam
1185 609 1384 676 electionem
1398 629 1468 694 per·

305 734 463 778 sonarum
486 713 659 799 praecedit
682 715 730 798 (1)

395 819 460 884 ΙΧ.
487 819 698 908 Conprepatio
721 823 760 885 R.
785 823 949 886 Fabricue
970 824 1004 888 S.
1029 824 1166 887 Petris
1190 823 1362 887 Clemente
1385 822 1470 888 VIII

303 925 472 992 instituta.
486 928 542 992 Ex
552 927 650 1012 praxi
662 928 824 994 hodierna
836 951 973 1014 operam
985 929 1044 994 dat
1056 929 1145 994 circa
1166 929 1422 1016 compositiones
1435 936 1469 994 et

306 1035 553 1122 redemptiones
573 1036 706 1122 piorum
717 1037 908 1122 legatorum
920 1038 1119 1123 praesertim
1143 1062 1185 1103 ex
1197 1038 1422 1120 fundatione(
1449 1042 1468 1120 ).

306 1143 361 1208 Ab
373 1141 446 1229 ipsa
468 1145 634 1230 dependet
656 1144 880 1210 famosissima
906 1145 1040 1211 officina
1063 1169 1148 1231 quae
1160 1146 1265 1231 vulgo
1287 1148 1397 1212 studio
1418 1148 1470 1210 dei

306 1253 448 1316 mosaico
481 1252 684 1338 appellatur,
709 1277 728 1318 a
751 1251 847 1318 Sixto
871 1253 1036 1319 Versata
1059 1255 1100 1318 ad
1124 1253 1257 1318 musiva
1287 1276 1390 1338 opera
1412 1275 1473 1338 pro

307 1357 474 1424 Vaticana
496 1358 642 1424 Basilica
666 1352 867 1426 elaboranda
892 1362 947 1442 (3).

395 1465 439 1530 X.
467 1464 680 1552 Conprepatto
703 1469 742 1530 de
758 1469 985 1553 Propapanda
1001 1469 1084 1532 Fide
1099 1467 1291 1534 institutae
1308 1467 1474 1553 Gregorio

308 1573 385 1656 XV;
409 1573 517 1637 mittit
551 1573 720 1659 operarios
751 1574 964 1659 evangelicos
986 1574 1023 1640 in
1046 1575 1199 1660 regiones
1222 1576 1402 1661 longiquas
1424 1598 1473 1641 as·

308 1680 471 1766 signando
494 1681 637 1768 singulis
661 1680 877 1746 Missionibus
900 1681 1111 1747 territorium
1134 1681 1312 1767 proprium
1336 1683 1391 1763 (4).

395 1787 485 1852 Huic
509 1789 771 1874 Congregationi
806 1789 888 1854 Pius
914 1790 968 1854 IX
991 1791 1131 1855 alteram
1155 1789 1313 1854 adiunxit
1331 1811 1398 1874 pro
1421 1810 1475 1854 ne-

305 1896 404 1982 potiis
426 1896 512 1960 ritus
537 1897 720 1966 Orientulc's
743 1903 752 1978 (
778 1901 799 1979 ).

397 2000 461 2066 XI.
488 2000 701 2088 Conprepatto
728 2003 959 2068 Immnm'tctis
987 2003 1225 2067 ecclesiasticae
1259 2002 1302 2066 ab
1337 2001 1478 2066 Urbano

309 2108 398 2173 VIII
420 2108 579 2174 instituta
602 2110 643 2174 ad
667 2110 816 2174 curanda
842 2109 979 2193 negotia
1002 2108 1254 2174 immunitatem
1276 2107 1476 2174 ecelesiasti-

309 2241 381 2283 cam
405 2217 621 2304 attingentis.
655 2217 765 2284 Hodie
789 2217 919 2283 adnexa
942 2217 1011 2282 fuit
1034 2216 1297 2302 Congregationi
1322 2215 1477 2282 Consilii.

380 2414 419 2484 (1)
440 2412 501 2469 cfr.
522 2414 612 2469 dard.
631 2416 783 2480 De·Luca,
805 2413 831 2466 Il
852 2413 1014 2468 cardinale
1036 2415 1159 2482 pratico,
1179 2430 1245 2483 cap.
1261 2413 1305 2466 34.

380 2525 419 2592 (2)
438 2523 614 2580 Constituis
634 2529 679 2576 est
701 2523 730 2576 in
753 2523 844 2577 Curia
874 2521 1081 2591 congregatio
1101 2523 1275 2586 Lauretana
1296 2539 1371 2591 quae
1391 2521 1476 2576 Basi-

309 2613 398 2666 licam
419 2613 622 2666 Lauretanam
654 2611 733 2680 quod
754 2611 863 2664 attinet
884 2629 919 2664 ea
939 2610 1019 2680 gerit
1038 2627 1114 2681 quaa
1136 2610 1166 2662 in
1187 2609 1353 2664 Basilicam
1372 2609 1400 2666 S.
1420 2609 1475 2664 Pe·

311 2701 350 2754 tri
370 2702 434 2770 agit
454 2699 594 2772 apposita
614 2698 829 2768 congregatae.
861 2699 972 2752 Verum
992 2705 1062 2752 ante
1092 2697 1280 2778 eversionem
1306 2715 1404 2752 rerum
1424 2714 1478 2768 pu·

311 2789 456 2844 blicarum
477 2787 533 2842 sub
564 2807 611 2841 an.
644 2789 713 2841 1860
733 2787 792 2842 ista
813 2786 1017 2856 congregatio
1038 2794 1157 2856 praeter
1176 2785 1472 2842 administrationem

310 2883 524 2936 oeconomicam
543 2883 568 2933 et
578 2881 767 2947 spirituatem
781 2877 943 2932 exercebat
957 2893 1075 2947 quoque
1086 2877 1299 2930 auctoritatem
1310 2881 1475 2944 politicam·

310 2973 431 3024 civitem:
450 2967 507 3021 hac
527 2967 563 3020 de
584 2983 676 3020 causa
696 2966 722 3018 ei
744 2973 864 3036 praeest
883 2965 971 3020 Card.
991 2963 1183 3034 Segretarius
1197 2963 1310 3020 Status.
1330 2966 1371 3018 At
1390 2983 1474 3020 usur·

310 3055 390 3128 patis
411 3073 429 3109 a
449 3054 604 3110 Gubernio
633 3054 738 3108 italico
770 3054 856 3107 bonis
887 3051 1040 3106 Basilicas
1065 3051 1341 3123 patrimonialibus,
1370 3069 1476 3107 munus

310 3145 587 3202 administrativum
621 3162 679 3198 non
699 3161 804 3214 parum
833 3142 1018 3198 diminutum
1047 3150 1103 3196 est.
1123 3141 1186 3197 Ot'r.
1206 3145 1293 3213 Lepa,
1315 3160 1363 3213 op.
1383 3143 1436 3198 cit.
1457 3142 1475 3199 l.

311 3256 336 3293 c.
352 3237 400 3290 tit.
420 3236 466 3290 IX
487 3253 515 3290 n.
533 3237 558 3301 5,
579 3242 641 3290 not.

381 3345 420 3413 (3)
441 3343 501 3400 cfr.
523 3343 697 3409 Lombardi,
718 3357 763 3410 op.
783 3339 833 3394 cit.
853 3338 912 3392 vol.
931 3338 954 3404 I,
974 3338 1004 3392 h.
1024 3339 1043 3393 l.

383 3451 426 3520 (4)
444 3447 506 3504 cfr.
526 3449 629 3503 Consi.
649 3467 664 3498 e
686 3448 884 3502 Inserutnbt'te
904 3465 919 3494 s
937 3447 972 3498 22
992 3445 1060 3498 Iun.
1085 3447 1162 3499 1622.
1202 3449 1205 3455 '

382 3559 420 3628 (5)
441 3555 544 3610 Oonst.
564 3576 579 3604 «
599 3556 727 3609 Romani
748 3554 899 3623 Pontifices
919 3571 934 3601 a»
962 3571 1013 3608 an.
1034 3553 1111 3606 1862.
1132 3555 1189 3608 Leo
1210 3559 1311 3607 autem
1331 3555 1419 3609 XIII
1438 3551 1474 3606 ad

311 3647 477 3704 curandum
496 3644 698 3699 Orientalium
718 3649 748 3696 et
767 3642 901 3695 omnium
920 3641 1182 3695 schismaticorum
1204 3649 1234 3696 et
1253 3643 1473 3696 haereticorum

311 3738 441 3792 reditum
462 3735 499 3788 ad
519 3733 675 3788 Ecclesiae
700 3731 861 3801 unitatem,
881 3731 930 3784 die
958 3732 990 3784 19
1008 3731 1112 3784 Martii
1147 3733 1215 3786 1895
1243 3731 1343 3786 edidit
1362 3733 1472 3786 Breve:

312 3830 355 3884 De
384 3811 593 3883 Commissione
626 3823 777 3892 Pontifieia
807 3823 848 3875 ad
874 3823 1139 3876 reconciliationem
1171 3823 1379 3877 dissidentium
1410 3835 1473 3876 cum

312 3919 442 3971 Ecclesia
460 3913 629 3982 fovendam.
656 3910 739 3964 Idem
761 3907 906 3962 Pontifex
928 3911 984 3964 Leo
1004 3911 1090 3965 XIII
1107 3927 1155 3965 an.
1177 3911 1246 3965 1890
1265 3910 1341 3964 duas
1362 3907 1472 3964 consti·

311 4005 371 4060 tuit
391 4001 647 4068 Commissiones;
670 4000 798 4053 alteram
818 4019 833 4050 e
853 4000 900 4054 Ad
920 4002 1091 4054 revisendas
1110 4004 1328 4056 constitutiones
1347 4002 1472 4072 Reputa-

309 4099 391 4149 rium
409 4096 545 4148 votorum
563 4093 754 4158 simplicium,
773 4091 1004 4156 dependentium
1022 4107 1041 4142 a
1061 4089 1092 4144 S.
1107 4089 1138 4144 G.
1157 4093 1200 4144 de.
1212 4091 1245 4144 P.
1257 4091 1291 4144 F.
1305 4107 1330 4157 »;
1350 4090 1471 4145 alteram

311 4201 327 4234 e
346 4183 393 4238 Aa
413 4182 582 4235 revisendas
606 4181 762 4234 relationes
779 4177 965 4247 dioecesium,
979 4181 1180 4234 vicariatuum
1199 4180 1434 4247 Apostolicorum
1457 4193 1474 4230 a

311 4273 342 4328 S.
362 4271 393 4328 C.
412 4273 448 4326 de
467 4272 500 4324 P.
519 4271 554 4325 F.
573 4271 803 4339 dependentium
824 4284 848 4320 ».
884 4294 887 4304 ‹
