3198 4898
326 383 381 440 854

325 508 534 591 indicuntur,
559 529 609 571 ex.
634 528 685 590 gr.
711 513 852 592 propter
875 502 1183 592 inaugurationem,
1207 505 1426 591 seditionem,
1453 530 1510 593 pe·

325 617 412 684 stem
436 622 500 681 ete.
523 614 666 698 ideoque
689 620 723 678 et
746 615 938 698 repentinae
962 621 1130 678 vocantur
1152 617 1207 697 (1).

416 723 598 788 Dr'latienes
620 720 845 787 communiter
870 720 1091 786 definiuntur:
1127 723 1254 786 lustum
1278 723 1437 808 temporis
1460 725 1509 787 in-

325 831 508 912 teruultum,
531 829 576 892 ad
598 829 737 914 aliquem
759 835 867 892 actum
893 828 1089 911 iudicialem,
1113 828 1311 892 commodius
1334 830 1507 914 empedien-

325 939 414 1017 dum,
437 937 540 1001 aaron
562 936 610 1000 vet
634 955 696 1018 reo,
721 935 770 998 vet
791 935 892 1000 iudici
913 955 1103 999 concessum.
1198 971 1201 978 ·

416 1041 606 1106 Dilationes
620 1063 691 1106 esse
706 1047 857 1126 possunt:
873 1042 1001 1126 deputes,
1027 1042 1212 1124 iudiciales,
1229 1043 1505 1108 conventionales,

416 1148 588 1212 Dicuntur
609 1149 724 1234 tepaiea
758 1146 786 1211 si
814 1147 932 1231 alege
965 1147 1021 1212 vel
1051 1171 1071 1212 e
1105 1146 1350 1213 consuetudine
1374 1148 1505 1214 forensi

327 1254 568 1334 conceduntur;
603 1253 772 1318 iudiciales
795 1252 822 1317 si
849 1275 869 1318 a
892 1252 1014 1336 iudice3
1050 1261 1084 1319 et
1107 1277 1149 1318 ex
1171 1252 1307 1319 diversa
1330 1263 1430 1339 parte
1455 1255 1504 1320 iu-

326 1359 408 1424 dicii
431 1359 635 1424 dividuntur
649 1357 686 1422 in
708 1361 885 1441 citatorias,
909 1361 1163 1444 deliberatorias,
1186 1363 1403 1446 probatorius,
1427 1363 1503 1448 defi·

325 1469 471 1534 nitardus.
498 1465 756 1532 Conuerttioualee
778 1464 806 1530 si
821 1489 862 1531 ex
878 1474 997 1532 mutuo
1013 1489 1174 1532 consensu
1191 1490 1269 1532 curn
1288 1468 1504 1554 approbatio-

325 1597 369 1642 ne
391 1573 511 1638 saltem
533 1571 656 1638 iudicis
679 1573 877 1658 procedunt.

417 1681 491 1744 186.
508 1680 559 1744 De
571 1681 638 1744 ioco
653 1679 806 1764 regulam
818 1679 990 1744 habemus:
1011 1679 1093 1748 Cum
1112 1681 1297 1764 Episcopus
1311 1683 1346 1746 in
1364 1689 1501 1746 totusue

324 1789 360 1852 di
366 1788 465 1852 oeceai
478 1787 729 1850 iurisdictionem
744 1786 947 1850 ordinariam
976 1795 1142 1851 caneertur
1157 1787 1280 1869 tabem,
1291 1789 1425 1852 demum
1441 1809 1501 1852 non

324 1895 442 1973 emittit,
464 1895 542 1978 quia
563 1893 598 1955 in
620 1893 757 1977 quolibet
777 1878 845 1958 tuce
868 1895 976 1976 ipsius
999 1894 1153 1962 dioecesis
1176 1915 1239 1958 non
1263 1903 1408 1978 eccepto,
1433 1917 1497 1978 per

324 2022 358 2066 ae
381 2003 431 2065 cet
449 2022 514 2084 per·
537 2001 643 2064 alium
669 2000 778 2082 pessit
796 2021 863 2082 pro
887 2001 1049 2064 tribunati
1070 1979 1183 2065 sedere
1204 2002 1259 2082 (2).

415 2105 531 2184 Quoad
554 2104 698 2188 denique
720 2107 930 2190 quantitatem
957 2104 1140 2170 videndum
1162 2113 1213 2171 est
1235 2129 1289 2171 ne·
1302 2115 1438 2191 praeter
1461 2131 1498 2172 ea

324 2233 411 2298 quae
433 2211 508 2277 iure
529 2211 778 2297 permittuntur
799 2212 876 2296 plus
899 2213 942 2278 ab
959 2221 1070 2278 actore
1086 2220 1224 2298 petatur
1247 2211 1364 2278 contra
1389 2237 1492 2280 reum,

270 2375 276 2384 ,
323 2320 402 2384 Huc
423 2301 626 2384 revocantur
653 2341 738 2402 quae
755 2319 834 2404 plue
851 2322 1020 2405 petitiones
1043 2320 1261 2404 appellantur
1284 2325 1295 2402 (
1321 2326 1341 2403 ).

414 2423 635 2508 Quadruplici
659 2423 756 2488 modo
780 2431 891 2509 potest
907 2432 1001 2490 actor
1017 2425 1108 2490 ultra
1131 2424 1285 2490 debitum
1307 2434 1433 2510 petere:
1453 2449 1494 2505 re,

324 2533 402 2614 iaec,
427 2542 573 2616 tempore,
596 2551 705 2596 cauea.
729 2533 787 2613 Re,
812 2529 840 2594 si
864 2529 901 2596 in
924 2531 1117 2615 quantitate
1141 2554 1200 2597 seu
1223 2531 1260 2597 in
1286 2555 1417 2600 summa
1432 2532 1494 2598 sibi

322 2636 438 2704 debita
468 2637 555 2721 plus
578 2643 682 2722 petat3
717 2639 786 2701 loco
823 2637 899 2722 plus
936 2637 1023 2722 petit
1044 2637 1072 2702 si
1097 2637 1207 2722 exigit
1230 2645 1269 2703 ut
1292 2661 1345 2703 res
1371 2638 1437 2704 sibi
1461 2639 1494 2702 in

324 2742 540 2810 commodiori
575 2743 646 2808 loce
669 2750 862 2827 praestetur
897 2765 973 2808 eum
1009 2744 1124 2808 nullus
1159 2743 1266 2809 fuerit
1289 2744 1492 2829 designatus

325 2857 464 2934 tempore
486 2847 514 2912 si
537 2847 729 2913 antediem
752 2856 930 2932 statutum;
954 2871 1055 2915 eausa
1079 2872 1155 2915 curn
1178 2849 1308 2936 aliquid
1332 2849 1420 2936 petit
1440 2851 1493 2915 de·

323 2945 506 3020 terminate
529 2953 566 3019 in
588 2953 777 3039 individuo,
802 2957 892 3040 quod
915 2957 1024 3022 solum
1048 2955 1085 3021 in
1108 2957 1218 3041 specie
1241 2957 1297 3022 vel
1325 2957 1491 3043 aequipol-

321 3061 431 3126 lenter
454 3060 485 3126 ei
509 3061 717 3126 reddendum
739 3069 800 3128 est.

413 3167 541 3233 Contra
565 3167 641 3253 plus
664 3173 818 3253 petentes
852 3167 889 3233 in
911 3168 986 3234 iure
1010 3190 1148 3234 romano
1170 3175 1301 3235 statuta
1324 3178 1399 3236 erat
1419 3193 1492 3257 poe·

321 3297 367 3342 na
390 3273 593 3340 cadueitatis'
614 3272 757 3340 aetionis
782 3275 839 3357 (4).
876 3275 955 3340 Iure
978 3256 1050 3340 can.
1075 3275 1152 3361 plus
1175 3281 1331 3360 petentes
1349 3285 1491 3364 tempore,

322 3380 514 3469 duplicatas
536 3379 691 3445 inducias
714 3380 748 3445 in
773 3403 917 3467 poenam
939 3381 1107 3447 sustinere
1129 3381 1240 3448 debet.
1282 3382 1318 3449 Si
1342 3383 1418 3469 plus
1439 3406 1492 3470 pe-

321 3494 398 3553 tant
421 3509 466 3570 re,
482 3488 559 3569 loca
575 3509 674 3552 cauea
689 3487 897 3552 damnentur
918 3486 954 3552 in
970 3509 1133 3572 expensas
1151 3494 1185 3553 et
1200 3489 1243 3554 ed
1258 3487 1422 3574 interesse
1438 3492 1492 3573 (ὅ).

414 3595 487 3660 187.
511 3591 568 3658 Ad
590 3600 666 3658 aeta
682 3615 855 3676 processus
877 3616 968 3658 nunc
991 3593 1218 3678 devenientes,
1244 3594 1492 3680 distinguamus

393 3823 430 3888 (l)
450 3820 512 3876 Ofr.
531 3824 628 3890 Santi,
646 3822 693 3877 tir.
718 3823 775 3892 ΙΧ;
795 3827 883 3895 Lapa,
905 3825 924 3879 l.
945 3843 968 3878 c.
989 3843 1016 3879 n.
1036 3819 1314 3894 emmane-Luca,
1334 3827 1354 3884 l.
1373 3845 1398 3882 e.
1412 3845 1439 3884 n.
1452 3829 1492 3884 92.

394 3927 435 3996 (2)
455 3929 487 3982 Ο.
507 3928 531 3994 7,
552 3929 597 3982 De
617 3928 668 3982 off.
688 3929 758 3986 Ord.

393 4033 433 4104 (3)
452 4032 515 4088 cfr.
534 4035 582 4090 tit.
601 4033 658 4101 XI,
679 4035 733 4092 lib.
752 4036 784 4090 11
805 4035 924 4090 Deerat.
1003 4109 1005 4114 Ι

391 4139 429 4206 (4)
451 4139 517 4196 cfr.
535 4143 642 4198 lustin.
663 4141 707 4196 De
727 4147 785 4196 act.
806 4140 825 4215 ξ
846 4143 879 4198 a·
900 4146 968 4214 quis
987 4159 1086 4214 upana.

392 4246 437 4316 (5)
458 4246 519 4302 Cfr.
539 4249 635 4310 Santi,
653 4248 671 4301 l.
691 4266 715 4302 c.
734 4249 783 4304 tit.
802 4249 858 4310 IX,
879 4267 907 4303 n.
929 4250 954 4318 ῖς
972 4252 1160 4322 Sanquineti,
1180 4267 1226 4322 op.
1246 4249 1300 4308 cit.
1317 4269 1346 4308 n.
1366 4253 1429 4307 583.
