3198 4898
321 297 376 352 288

413 406 486 470 119.
513 405 722 471 Ooemeteria
743 403 864 470 iisdem
888 406 1021 471 actibus
1044 407 1246 493 polluuntur
1282 407 1405 493 quibus
1442 431 1493 473 ec-

321 510 452 596 clesiae,
477 534 516 577 ac
540 511 741 598 praesertim
780 533 842 596 per
876 511 1135 578 tumulationem
1169 511 1318 580 infidelis
1355 513 1492 600 positivi

322 618 377 682 vel
400 617 646 684 excomunicati
674 617 805 684 vitandi
829 621 883 702 (1);
910 618 947 684 Si
983 619 1184 686 coemeteria
1217 619 1379 706 contigue
1413 629 1493 686 sunt

320 724 490 809 ecclesiae,
515 748 557 790 ex
580 724 767 811 pollutione
783 723 943 790 ecclesiae
961 726 1117 812 sequitur
1130 726 1275 812 pollutio
1290 726 1492 812 coemeterii,

320 852 389 895 non
412 837 527 896 temen
550 855 568 897 e
592 853 752 897 converso
775 835 830 915 (2).
1405 839 1409 846 ’

409 937 452 1002 In
491 937 690 1003 coemeterio
713 938 852 1023 polluto,
889 945 1072 1024 antequam
1107 939 1151 1005 ab
1177 939 1349 1026 Episcopo
1384 941 1439 1006 vel
1473 963 1495 1006 a

319 1043 744 1129 delegato'reccncilietur,
783 1067 851 1110 non
875 1045 975 1111 debet
1013 1045 1136 1132 aliquis
1170 1043 1307 1132 sepeliri
1342 1046 1408 1112 nisi
1452 1069 1493 1112 ex

320 1158 464 1236 urgente
488 1151 698 1234 necessitate3
722 1153 779 1218 sed
803 1159 885 1218 tunc
909 1153 1018 1219 clerus
1041 1152 1128 1219 illud
1144 1152 1280 1238 ingredi
1295 1177 1364 1220 non
1381 1161 1493 1242 potest

319 1279 381 1322 nec
404 1259 540 1344 explere
563 1258 651 1324 ritus
674 1269 849 1325 consuetos
872 1259 1117 1326 inhumationis
1144 1259 1352 1326 christianae
1373 1264 1432 1345 (3).

411 1385 484 1449 120.
510 1385 687 1450 Scaenicis.
716 1423 758 1432 -—
785 1387 842 1458 De
866 1387 1134 1460 Cremailone.
1216 1461 1218 1465 ,

410 1491 580 1558 Orematio
603 1513 664 1557 nec
687 1493 778 1578 apud
802 1492 960 1578 antiquos
984 1492 1122 1578 quidem
1144 1491 1214 1558 fuit
1236 1491 1274 1558 in
1289 1515 1389 1560 usum
1405 1515 1493 1560 oom-

318 1620 467 1664 munem.

407 1705 461 1769 Ex
495 1705 529 1770 S.
566 1705 746 1792 Scriptura
779 1706 905 1772 scimus
928 1707 1018 1791 quod
1053 1706 1201 1773 Hebraei
1231 1715 1266 1773 et
1298 1707 1492 1794 Egyptiani

318 1809 484 1876 cadavera
506 1818 718 1876 mortuorum
741 1811 882 1897 sepelire
905 1819 1150 1878 consueverant
1172 1811 1229 1894 (4).
1270 1812 1384 1898 Reges
1420 1821 1493 1880 tan·

317 1923 391 1982 tum
426 1917 609 2001 aliquando
645 1919 956 2002 concremabantur,
993 1919 1052 1984 sed
1074 1919 1220 2004 populus
1242 1941 1278 1984 se
1312 1919 1492 2004 abstinuit,

316 2023 468 2108 quinimo
491 2047 533 2089 ex
575 2027 720 2090 Tolmud
758 2031 890 2092 constat
913 2033 989 2112 post
1024 2025 1224 2092 servitutem
1265 2025 1492 2093 babilonicam

317 2129 558 2196 cremationem
582 2153 654 2196 rem
677 2131 902 2197 execrabilem
925 2131 1078 2197 habitam
1102 2131 1218 2200 fuisse.

406 2236 560 2302 Gentiles
584 2237 697 2322 graeci
721 2246 756 2304 et
779 2238 919 2324 romani,
945 2239 1146 2323 praesertim
1161 2239 1353 2325 optimates,
1368 2263 1496 2306 crema·

315 2343 444 2410 tionem
465 2343 502 2409 in
527 2367 635 2410 mores
659 2345 923 2411 introduxerunt
936 2345 991 2411 sed
1009 2345 1141 2411 tardius
1156 2369 1246 2430 nam,
1263 2353 1303 2412 ut
1318 2347 1494 2414 Minucius

315 2449 416 2514 Felix
438 2454 535 2532 (saec.
560 2453 593 2532 2)
616 2458 808 2536 attestatur,
832 2451 936 2517 etiam
959 2451 1050 2537 apud
1074 2475 1129 2518 eos
1145 2451 1265 2538 primis
1282 2453 1494 2538 temporibus

316 2559 492 2642 sepultura
515 2558 686 2624 utebatur.
712 2587 731 2620 ‹
755 2559 912 2625 Veterem
937 2565 971 2624 et
1005 2558 1177 2625 meliorem
1212 2561 1492 2626 consuetudinem
1519 2549 1523 2560 ’

315 2664 572 2749 frequentamus
600 2696 630 2732 a.

303 2817 306 2825 -
405 2771 513 2836 Primi
554 2771 741 2838 Christiani
778 2779 889 2838 autem
932 2773 1098 2838 cadavera
1135 2773 1288 2838 fidelium
1323 2796 1391 2839 non
1418 2797 1494 2840 oon-

314 2889 509 2944 cremarunt
533 2883 591 2962 (5);
619 2887 654 2945 et
678 2880 832 2945 Ecclesia
862 2880 1057 2946 coherenter
1079 2879 1121 2944 ad
1156 2879 1390 2946 humationem
1417 2903 1492 2947 con-

314 2983 429 3050 stituit
456 3007 551 3050 suam
574 2985 753 3072 liturgiam
776 2984 930 3050 etPatres
967 2986 1091 3071 dogma
1120 2983 1325 3052 catholicum
1363 2987 1413 3070 (6)
1453 2988 1495 3051 de

387 3181 428 3250 (1)
447 3181 483 3234 In
504 3181 696 3236 coemeteriis
717 3198 793 3253 quae
812 3181 998 3236 simultanea
1017 3181 1169 3248 dicuntur,
1189 3181 1220 3236 in
1240 3181 1352 3254 quibus
1372 3182 1495 3238 scilicet

314 3271 400 3324 locus
422 3269 567 3340 specialis
597 3269 778 3324 acatholicis
798 3269 969 3324 destinatus
990 3287 1050 3324 non
1075 3277 1130 3337 est,
1150 3270 1292 3338 singulae
1313 3271 1494 3342 sepulturae

313 3366 386 3412 sunt
407 3357 629 3411 benedicendae
650 3357 679 3413 S.
698 3358 730 3413 O.
750 3357 786 3412 dc
807 3357 896 3428 Prop.
917 3358 996 3412 Fide
1018 3359 1051 3412 16
1070 3358 1142 3429 Apr.
1164 3359 1242 3414 1862.

385 3465 427 3536 (2)
447 3463 520 3536 Oap.
540 3465 573 3520 Si
591 3467 732 3532 Ecclesia,
753 3465 798 3518 De
818 3481 952 3520 consecr.
972 3465 1003 3518 in
1024 3464 1077 3519 Vl.

356 3593 359 3598 ·
384 3574 423 3642 (3)
444 3575 545 3641 Icard,
565 3573 624 3640 111,
645 3592 672 3628 n.
692 3574 754 3628 567.

388 3683 428 3751 (4)
448 3681 509 3738 Ofr.
529 3681 638 3736 (lenes,
657 3685 752 3748 XXII,
771 3683 798 3750 2;
817 3686 940 3748 XXXV,
960 3681 1025 3735 Iob.
1044 3687 1114 3734 XIV
1133 3692 1190 3736 etc.

385 3790 424 3859 (5)
446 3785 508 3842 cfr.
532 3789 684 3854 Woulters,
704 3786 804 3841 Storia
823 3787 916 3855 Eccl.;
938 3789 1049 3842 Barea.
1069 3804 1117 3840 an.
1135 3787 1198 3854 889;
1217 3788 1342 3857 Flcnry,
1364 3787 1424 3842 Dei
1446 3804 1493 3842 co·

313 3878 405 3933 stumi
427 3875 577 3930 cristiani.
657 3904 660 3910 ·

384 3983 426 4053 (6)
448 3980 602 4036 Orsmatio
622 3997 659 4036 ecc
677 3998 736 4038 sese
756 3999 810 4036 seu
826 3981 1012 4036 intrinsecus
1029 3981 1148 4053 quidam
1163 3981 1244 4036 mala
1263 3999 1324 4035 non
1346 3987 1402 4048 est,
1418 3981 1492 4054 quia

312 4089 372 4126 non
393 4071 572 4124 adversatur
602 4069 716 4124 directe
737 4071 848 4136 dogma
867 4069 1062 4124 catholicum.
1084 4071 1128 4124 Ex
1148 4067 1304 4124 adiunctis
1324 4087 1397 4125 vero
1419 4070 1491 4144 quia

312 4159 476 4215 hodiedum
497 4159 643 4213 crematio
663 4157 697 4211 fit
716 4161 901 4230 infidelitatis
920 4169 950 4214 et
980 4162 1190 4216 materiatismi
1213 4158 1377 4229 professio,
1409 4159 1490 4232 quod
