3234 4902
1336 267 1370 322 31

194 389 326 478 plinam
358 388 567 472 solidamque
591 388 770 472 culturam,
807 397 909 472 atque
932 387 1014 453 eccl.
1038 387 1153 473 legum
1189 389 1369 456 observan-

193 497 280 562 tiam
305 516 505 582 morumque
542 493 812 561 emendationem
850 503 885 561 et
919 493 1142 560 christianam
1179 493 1370 563 iuventutis

193 602 450 670 institutionem
473 609 508 668 et
530 624 742 668 communem
780 602 932 669 omnium
955 624 1074 688 pacem
1097 609 1132 667 et
1156 603 1370 672 concordiam

193 710 233 777 in
256 709 376 796 primis
400 707 589 795 respiciunt
611 736 630 770 »
655 711 709 793 (1).

284 855 338 920 27.
389 855 447 926 De
474 853 670 926 Buliariis.

286 979 447 1042 Baliarica
468 985 548 1042 sunt
566 976 789 1043 Collectiones
813 977 1104 1043 Constitutionum
1129 977 1197 1042 RB
1212 977 1367 1045 Pontific.

193 1083 351 1149 Primum
373 1082 566 1148 Bullatium
589 1083 719 1168 incepit
755 1086 910 1149 Laertius
937 1083 1154 1150 OEwrube’aiua
1177 1089 1243 1180 (aa.
1271 1087 1369 1167 1586)

191 1199 229 1256 et
252 1189 444 1276 perfectum
468 1189 537 1254 fuit
560 1190 602 1255 ab
624 1189 733 1276 ipsius
755 1189 825 1256 filio
858 1191 991 1276 Angelo
1015 1191 1062 1256 M.
1088 1189 1284 1258 Cherubino
1300 1215 1368 1258 mo-

195 1319 280 1362 naco
292 1295 494 1380 Cassinensi,
513 1296 572 1381 qui
588 1297 674 1361 illud
691 1295 799 1362 edidit
813 1297 850 1362 in
863 1305 1011 1381 quatuor
1033 1298 1208 1363 volumina
1223 1299 1368 1384 comple·

192 1411 289 1470 ctens
307 1403 573 1469 Constitutiones
596 1427 617 1469 a
640 1404 743 1489 Greg.
775 1405 821 1469 M.
843 1404 884 1470 ad
908 1405 985 1470 Iun.
1011 1404 1055 1469 X.
1078 1405 1171 1492 Opus
1199 1405 1369 1490 prosecuti

193 1518 275 1576 sunt
302 1510 427 1574 fratres
454 1509 601 1575 minores
628 1510 669 1592 de
696 1509 912 1576 observantia
929 1516 1073 1576 locanes
1097 1519 1132 1576 ct
1156 1514 1287 1578 Paulus
1309 1511 1368 1596 qui

193 1615 282 1680 illud
306 1616 539 1701 produxerunt
561 1638 667 1700 usque
698 1617 740 1681 ad
766 1616 880 1683 Const.
907 1617 1090 1683 Clementis
1114 1619 1158 1704 X,
1181 1625 1216 1683 et
1246 1617 1368 1684 deinde

196 1725 413 1788 Hieronimnc
447 1725 659 1811 Magnentius
675 1725 787 1809 iisque
810 1725 853 1790 ad
878 1725 986 1791 Olem.
1010 1725 1092 1790 XII.
1119 1725 1237 1790 Etiam
1260 1727 1367 1791 Bene-

192 1831 307 1896 dictus
330 1830 417 1895 XIV
440 1853 517 1896 suas
541 1830 808 1898 Constitutiones
830 1832 867 1898 in
883 1855 989 1898 unum
1013 1831 1127 1918 colligi
1153 1832 1309 1913 curavit;
1333 1841 1368 1897 et

194 1939 278 2004 haec
303 1935 466 2002 Collectio
489 1937 705 2024 cognoscitur
720 1939 782 2004 sub
797 1939 933 2006 nomine
949 1938 1127 2004 Benedicti
1151 1939 1239 2004 XIV
1262 1941 1321 2021 (2).

283 2044 446 2129 Bullaria‚
472 2053 614 2130 excepta
636 2046 748 2131 prima
775 2055 872 2132 parte
895 2047 1042 2112 Bullarii
1060 2047 1248 2132 Benedicti,
1267 2047 1367 2131 (quod

191 2150 467 2238 promulgatione
501 2152 699 2218 authentica
733 2154 776 2218 ab
810 2153 884 2239 ipso
919 2159 1055 2220 auctore
1079 2153 1249 2220 munitum
1275 2152 1365 2238 fuit),

190 2257 337 2341 legalem
361 2255 600 2322 anctoritatem
622 2279 691 2322 non
713 2257 839 2323 habent
860 2261 915 2342 (3).

285 2399 339 2462 28.
368 2399 425 2470 De
451 2398 601 2486 regulis
626 2399 913 2472 cancellariae.

283 2525 430 2608 Repulue
471 2522 701 2590 Ounceilurice
730 2531 810 2588 sunt
832 2523 961 2609 species
995 2525 1162 2608 quaedam
1195 2524 1366 2592 Constitu-

193 2629 328 2695 tionum
351 2651 434 2713 quas
457 2630 625 2695 dederunt
648 2631 829 2695 Pontifices
851 2639 891 2694 ut
913 2629 1034 2695 iisdem
1050 2631 1259 2698 Cancellaria
1276 2633 1366 2719 Apo·

192 2735 313 2816 stolica
337 2743 513 2820 regeretur
536 2735 573 2801 in
596 2735 815 2821 expediendis
830 2736 1032 2822 praesertim
1056 2737 1166 2803 causis
1191 2739 1366 2805 beneficia·

190 2843 283 2908 libus
306 2851 341 2908 et
364 2842 593 2909 iudicialibus.
617 2843 672 2908 Ab
706 2843 913 2928 antiquitate
936 2845 1031 2910 nulla
1051 2843 1216 2911 Collectio
1238 2845 1365 2928 extitit3

264 3073 304 3144 (l)
325 3073 387 3129 Gfr.
415 3075 509 3128 etiam
541 3076 781 3144 Herpenroctter,
812 3073 931 3129 Hister.
959 3073 1042 3130 Eccl.
1061 3083 1131 3130 tom.
1152 3076 1176 3141 7,
1197 3091 1288 3146 apoc..
1309 3075 1364 3142 ΙΧ,

190 3179 218 3216 c.
236 3161 260 3228 1,
280 3179 309 3216 n.
330 3162 391 3216 156.
866 3155 872 3170 ’

261 3266 303 3335 (2)
322 3267 380 3321 Est
399 3283 523 3338 insuper
544 3266 678 3320 notanda
706 3269 838 3322 Baliarii
857 3271 1039 3323 continuatio
1058 3285 1111 3338 per
1132 3267 1169 3323 D.
1194 3255 1321 3325 Barberi
1348 3288 1365 3324 a

191 3355 286 3411 Olem.
299 3355 381 3410 XIII
400 3355 439 3409 ad
459 3354 549 3425 Greg.
571 3355 655 3410 XVI.
674 3355 789 3410 Romae
810 3357 888 3412 1535.
909 3357 986 3410 Item
1001 3357 1172 3411 Bullatium
1185 3376 1239 3429 per
1254 3360 1291 3413 D.
1313 3363 1364 3415 To-

191 3447 346 3500 masnata
370 3443 472 3498 Leone
504 3443 546 3500 M.
565 3445 603 3498 ad
628 3461 677 3498 an.
704 3444 781 3500 1740.
801 3445 881 3515 Aug.
901 3444 991 3499 Taur.
1023 3447 1100 3512 1857,
1120 3445 1224 3517 Hujus
1245 3447 1364 3518 supple-

191 3539 325 3586 mentum
354 3531 469 3604 prodiit
499 3532 639 3604 Neapoli,
671 3533 768 3587 series
787 3535 811 3599 2,
836 3540 908 3589 tom.
928 3534 966 3601 X,
988 3553 1035 3588 an.
1056 3535 1134 3590 1885.
1155 3533 1364 3589 Posteriorum

192 3620 389 3691 Pontificum,
407 3623 589 3677 nominatim
609 3622 658 3676 Pii
678 3622 725 3678 IX
746 3630 776 3676 et
797 3623 910 3677 Leonis
934 3625 1010 3678 XIII
1045 3625 1174 3679 latarum
1209 3625 1366 3680 Constitu-

190 3709 311 3765 tionum
330 3710 431 3766 factae
451 3729 511 3766 non
531 3719 603 3767 sunt
631 3711 827 3766 authenticae
859 3713 1074 3768 collectiones.
1093 3713 1172 3768 Acta
1191 3719 1292 3768 tamen
1314 3712 1363 3768 Pii

191 3801 239 3855 IX
259 3800 405 3856 collectae
439 3801 639 3856 inveniuntur
666 3801 781 3856 Rornae
808 3803 888 3874 apud
920 3810 982 3875 typ.
1005 3805 1160 3858 Bonarum
1191 3803 1314 3872 artium;
1334 3811 1365 3858 et

190 3889 305 3944 Leonis
324 3889 405 3944 XIII
425 3891 508 3962 typis
527 3889 687 3944 Vaticanis
708 3889 847 3948 eduntur.

262 3979 381 4033 Extans
401 3979 494 4033 etiam
513 3979 653 4034 Bullaria
672 3978 812 4033 ordinum
832 3980 1054 4050 religiosorum,
1076 3999 1122 4035 ex.
1137 3999 1183 4052 gr.
1193 3981 1364 4036 BullarIum

190 4063 310 4120 ordinis
329 4064 390 4122 FF.
408 4065 659 4121 Praedicatorum
680 4073 710 4120 et
729 4067 882 4122 Minorum
902 4066 1153 4139 capuccinorum.

264 4188 306 4261 (3)
326 4187 390 4244 cfr.
409 4192 514 4257 Bottia,
534 4207 581 4260 op.
600 4189 653 4245 cit.
674 4209 701 4262 p.
719 4189 779 4259 ΙΙΙ,
799 4209 825 4247 c.
845 4193 885 4254 16,
907 4209 935 4249 n.
955 4193 999 4248 41.
