3200 4890
658 617 978 693 ALLEGATUM
1011 618 1062 686 lll

807 747 929 758 ...—

700 944 1034 1026 INSTRUCTIO

280 1127 319 1181 de
338 1125 433 1181 modo
453 1139 519 1194 quo
538 1123 743 1180 oeconomice
762 1120 941 1192 procedere
959 1119 1081 1176 debent
1098 1117 1221 1174 Curiae
1240 1114 1459 1170 Ecclesiasti-

351 1229 410 1270 cee
429 1215 599 1268 incensis
618 1211 900 1281 disciplinaribus
920 1212 954 1264 et
971 1206 1210 1264 criminalibus
1232 1203 1457 1260 clericorum.

751 1329 979 1352 m

696 1596 754 1655 Die
778 1597 813 1654 11
836 1595 923 1661 lunii
946 1598 1032 1658 1880.

362 1737 457 1820 Sacrp
478 1735 555 1796 haec
582 1736 647 1796 EE.
679 1739 711 1794 et
743 1735 814 1796 ΒΕ.
848 1736 1064 1814 Congregatb,
1096 1737 1274 1813 praesentis
1306 1733 1456 1808 temporis

282 1835 467 1914 conditione,
490 1837 523 1893 in
545 1854 605 1910 qua
626 1834 767 1892 Ecclesia
788 1840 942 1912 versetur,
965 1840 1107 1894 accurate
1129 1851 1292 1911 perpensa,
1314 1851 1377 1907 que
1405 1831 1458 1888 vix

281 1954 342 1992 non
365 1933 479 2008 ubique
501 1936 533 1990 in
556 1953 607 1992 res
628 1938 661 1992 et
682 1953 830 2004 personas
852 1935 1079 1994 ecclesiastices
1100 1939 1263 1992 externam
1285 1951 1376 1989 suem
1413 1945 1459 1985 sc·

283 2035 399 2092 tionem
421 2051 565 2090 exercere
587 2033 767 2108 impeditur,
788 2033 941 2108 simulque
963 2039 995 2092 et
1016 2031 1095 2091 illud
1116 2050 1190 2108 pree
1211 2029 1310 2088 oculis
1338 2028 1457 2086 habens

283 2132 416 2188 maxima
439 2149 478 2187 ex
499 2134 588 2206 perte
610 2129 836 2188 ecclesiasticas
857 2129 967 2189 Curias
989 2131 1171 2207 opportunis
1203 2126 1316 2186 mediis
1352 2141 1458 2182 cerere

282 2228 394 2302 quibus
416 2234 500 2285 recte
522 2227 716 2304 ordinentur,
738 2231 903 2286 constituit
924 2228 1106 2287 facultatem
1131 2244 1283 2303 expresse,
1293 2225 1457 2300 impertire

282 2325 417 2384 locorum
440 2324 618 2384 Ordineriis
639 2333 675 2384 ut
703 2325 854 2385 adhibitis
876 2327 985 2386 formis
1006 2329 1106 2403 magis
1127 2327 1330 2384 oeconomicis
1365 2323 1458 2380 iuris-

282 2423 450 2480 dictionem
486 2442 572 2481 snam
595 2426 627 2482 in
650 2422 795 2500 Clericos,
830 2423 870 2482 sd
891 2423 1088 2500 disciplinam
1109 2421 1190 2498 quod
1221 2422 1349 2496 attinet,
1371 2438 1457 2478 exer·

284 2527 384 2579 ceant.
406 2520 511 2595 thue
533 2520 605 2578 hinc
627 2521 750 2579 iustitia
771 2522 934 2580 incolumis
956 2529 1100 2580 servetur
1120 2519 1194 2578 inde
1225 2537 1300 2578 vero
1336 2535 1458 2595 prooes-

285 2637 338 2676 sus
360 2617 399 2675 ad
421 2636 571 2676 canonum
592 2620 819 2694 praescriptum
841 2619 880 2676 ab
901 2619 1044 2677 omnibus
1065 2616 1152 2694 fiant,
1174 2621 1342 2690 sequentes
1371 2634 1459 2691 prae·

283 2718 389 2774 stituit
410 2734 534 2796 normes
555 2715 594 2772 ab
614 2715 756 2772 omnibus
778 2714 881 2774 Curiis
903 2716 1082 2774 servandus.

856 2871 883 2930 I.

365 3009 522 3069 Ordinarii
546 3031 601 3086 pro
623 3030 728 3069 eorum
749 2994 877 3070 munere
903 3011 1062 3087 pastorali,
1087 3015 1237 3069 tenentur
1271 3008 1459 3084 disciplinae

284 3125 320 3165 ec
341 3109 523 3165 correctioni
547 3107 706 3166 consulere
728 3107 909 3166 clericorum
930 3110 982 3182 qni
1005 3106 1115 3166 iisdem
1143 3105 1331 3180 subduntur,
1354 3123 1458 3162 eornm

283 3219 380 3264 mores
401 3205 561 3282 inspicere,
583 3213 676 3282 atque
704 3225 740 3264 ea
774 3215 946 3283 opportuna
977 3205 1110 3263 remedia
1145 3203 1290 3263 adhibere
1327 3222 1407 3279 quae
1441 3222 1458 3259 s

284 3303 380 3362 saeris
401 3303 568 3362 canonibus
603 3307 670 3363 sive
692 3305 731 3361 ad
766 3304 976 3381 praecavenda
997 3303 1062 3362 sive
1096 3303 1134 3360 ad
1161 3302 1344 3378 corrigenda
1380 3301 1459 3358 melu

283 3403 546 3478 praescribuntur.

847 3557 891 3616 Il.

366 3691 450 3749 Haec
471 3694 562 3763 inter,
586 3668 645 3748 alia
666 3691 703 3748 ed
728 3691 970 3767 praecavendum
991 3690 1103 3748 malum
1124 3689 1317 3764 ordinantur,
1339 3689 1404 3747 slis
1427 3691 1458 3746 in

284 3793 349 3848 eius
371 3792 549 3848 coercitione
571 3808 605 3846 ac
627 3789 742 3847 medela
764 3790 934 3846 ulmenam
968 3795 1122 3847 exercent.
1164 3786 1251 3846 Hinc.
1285 3789 1390 3863 priora
1424 3805 1458 3846 ee

285 3905 423 3944 amovere
445 3887 573 3944 student
594 3905 672 3962 quse
695 3895 749 3944 aut
770 3889 946 3946 scandalum
969 3893 1023 3946 aut
1044 3889 1228 3946 occasionem
1248 3886 1455 3944 voluntariam

285 3991 341 4042 aut
362 4003 484 4042 causam
506 3983 703 4060 delinquendi
726 3988 891 4060 proximam
913 3983 1070 4043 exhibent.
1092 3984 1266 4042 Posteriora
1289 4003 1362 4043 vero
1394 3991 1457 4042 tnm

284 4082 500 4157 delinquentes
521 4082 560 4140 ed
582 4082 734 4140 meliorem
749 4081 875 4158 'frugem
898 4101 1039 4142 revocare
1061 4089 1127 4140 turn
1147 4082 1258 4140 domna
1272 4101 1311 4142 ex
1332 4083 1458 4141 crimine

199 4255 202 4262 ι
284 4184 391 4240 secuta
412 4176 535 4237 reficere
555 4185 714 4256 satagunt.
780 4174 782 4178 ’
