3220 4898
1272 417 1326 472 247

171 580 173 583 -
243 539 295 604 76.
318 539 360 604 In
383 540 529 606 secundo
551 540 688 606 decreto
719 541 808 624 quod
844 540 941 626 viget
961 540 999 605 in
1022 540 1126 606 Italia
1148 548 1182 605 et
1204 539 1325 606 insulis

153 645 395 733 adiacentibus,
420 647 665 734 praescribitur
687 655 727 712 ut
750 656 825 734 post
850 647 1050 734 Capitulum
1072 648 1177 713 locale
1200 670 1220 712 a
1243 647 1324 714 Pro-

153 749 293 819 vinciali
317 775 379 839 pro
394 755 603 820 ,admissione
642 761 864 820 convocatum
888 761 922 820 et
945 777 1013 820 non
1036 761 1145 838 antea,
1170 753 1244 819 fieri
1268 753 1323 818 de-

156 857 231 924 beat
253 883 395 927 examen
417 861 622 948 postulantis
645 863 700 926 vel
724 861 920 927 immediate
945 863 987 928 ab
1010 861 1093 948 ipsis
1117 860 1325 928 examinato-

153 965 246 1032 ribus
269 968 536 1053 provincialibus
571 971 625 1035 vel
660 992 721 1054 per
755 970 950 1054 delegatum
974 995 994 1036 a
1016 968 1232 1052 Provinciali,
1257 989 1324 1052 quo

153 1071 188 1136 in
211 1095 290 1138 casu
325 1075 501 1162 delegatus
535 1099 630 1142 auam
669 1075 869 1142 relationem
907 1075 1034 1162 scripto
1071 1082 1245 1142 exaratam
1281 1075 1323 1138 ad

153 1179 402 1247 Provincialem
424 1181 543 1248 mittit.
869 1267 872 1272 Ι

182 1314 183 1317 “
242 1287 323 1353 Post
346 1289 559 1375 praedictum
583 1314 724 1356 examen
747 1292 821 1357 fieri
837 1291 937 1356 debet
955 1288 1158 1356 scrutinium
1182 1288 1224 1354 ab
1247 1311 1323 1353 exa·

152 1391 377 1460 minatoribus
411 1396 679 1480 provincialibus
713 1398 815 1464 simul
855 1383 1015 1464 collectis:
1051 1397 1097 1460 Hi
1126 1394 1324 1462 nominandi

151 1507 233 1564 sunt
255 1509 384 1586 septem
408 1516 543 1588 praeter
565 1503 809 1588 provincialem
834 1504 892 1590 qui
916 1511 967 1568 est
989 1505 1200 1569 examinator
1223 1512 1324 1568 natus

117 1595 118 1600 ἵ
151 1605 188 1670 in
222 1607 380 1693 Capitulo
417 1609 619 1695 provinciali
655 1620 689 1678 et
723 1613 812 1678 inter
847 1635 901 1678 eos
929 1611 1126 1678 nominandi
1151 1617 1231 1677 sunt
1253 1611 1323 1676 duo

150 1715 355 1780 consultores
379 1717 539 1782 ordinarii
563 1719 620 1802 qui
644 1726 727 1784 tunc
750 1719 812 1784 hcc
836 1741 975 1784 munere
998 1719 1194 1804 funguntur
1215 1720 1272 1800 (1).

241 1819 435 1906 Unicuique
458 1823 606 1889 examini
637 1832 672 1890 et
696 1823 860 1890 scrutinio
883 1832 951 1890 tres
975 1826 1095 1890 saltem
1118 1823 1324 1890 examinato·

152 1947 205 1990 res
228 1935 364 2010 praeter
386 1927 636 1995 Provincialem
659 1931 775 1995 adesse
800 1937 944 2015 oportet.

241 2033 377 2099 Relatio
399 2035 565 2102 examinis
596 2045 631 2102 et
651 2037 809 2103 scrutinii
844 2061 912 2102 una
946 2060 1023 2102 cum
1058 2035 1143 2101 actis
1166 2043 1201 2100 et
1223 2035 1324 2100 docu-

152 2139 276 2205 mentis
298 2164 317 2205 a
342 2141 551 2208 Provinciali
575 2143 763 2209 mittuntur
786 2144 829 2209 ad
856 2144 1056 2210 Generalem
1080 2141 1139 2227 qui
1163 2165 1239 2207 cum
1263 2141 1324 2206 tri-

152 2249 215 2314 bus
251 2248 370 2314 saltem
404 2249 693 2316 examinatoribus
727 2251 943 2336 generalibus
980 2249 1163 2315 secundum
1203 2247 1324 2314 scruti-

151 2355 248 2420 nium
271 2356 429 2422 instituet
452 2380 514 2443 pro
536 2359 740 2444 postulantis
763 2359 966 2424 admissione
988 2358 1043 2423 vel
1066 2357 1256 2423 reiectione.

242 2462 502 2528 Examinatores
536 2465 709 2547 generales
739 2463 960 2530 nominantur
981 2462 1018 2528 in
1041 2461 1201 2548 Capitulo
1224 2485 1325 2547 gene-

151 2567 226 2633 rali.
251 2569 385 2634 Debent
408 2592 478 2634 esse
501 2579 630 2654 septem
653 2579 788 2655 praeter
811 2571 1017 2656 superiorem
1039 2569 1240 2636 Generalem
1265 2573 1276 2652 (
1302 2575 1324 2650 ).

151 2675 247 2738 Inter
268 2697 323 2740 eos
350 2675 418 2742 duo
440 2677 565 2741 debent
588 2677 675 2741 sumi
699 2701 717 2742 e
743 2677 990 2742 Assistentibus
1006 2675 1326 2742 vel=Visitatoribus

151 2782 375 2867 generalibus.
411 2781 574 2868 Superior
598 2784 775 2849 Generalis
803 2783 870 2849 erit
893 2807 1027 2869 praeses
1051 2806 1129 2850 cum
1154 2783 1229 2850 iure
1253 2781 1324 2847 suf-

151 2887 256 2972 fragii
280 2888 316 2953 in
340 2888 490 2955 Consilio
521 2887 793 2956 examinatorum
817 2889 1037 2976 generalium,
1062 2898 1097 2955 et
1120 2890 1326 2954 Procurator

151 2995 330 3080 generalis,
355 2996 407 3060 uti
430 2996 641 3062 examinator
664 3003 764 3063 natus
788 2998 963 3062 habendus
986 2997 1062 3063 erit.

243 3103 331 3166 Acta
354 3101 457 3187 primi
480 3102 647 3187 scrutinii,
673 3127 748 3168 cum
767 3103 978 3170 documentis
994 3103 1134 3169 adnexis
1157 3101 1326 3188 expendet

152 3209 316 3297 Superior
339 3211 525 3296 Generalis,
542 3211 664 3277 deinde
681 3235 720 3277 ea
736 3213 956 3297 expendenda
972 3213 1085 3278 tradet
1108 3209 1325 3278 Procuratori
1413 3269 1419 3282 ,

150 3319 303 3404 generali
326 3325 361 3382 et
383 3317 514 3382 duobus
541 3319 659 3384 saltem
687 3342 729 3384 ex
763 3319 840 3384 aliis
875 3318 1163 3384 examinatoribus
1187 3339 1325 3402 genera·

150 3424 251 3507 libus,
277 3424 387 3489 tribus
422 3447 502 3490 vero
525 3424 552 3488 si
576 3425 666 3489 absit
689 3426 894 3491 Procurator
917 3425 1095 3510 generalis;
1112 3431 1325 3510 postremum

150 3553 208 3598 eos
231 3538 392 3596 convocet
416 3531 458 3596 ad
482 3535 662 3598 secundam
685 3534 886 3598 scrutinium
910 3535 968 3614 (3).

225 3726 321 3796 (1)1n
344 3727 645 3796 congregationibus
678 3735 779 3781 tamen
800 3745 877 3798 quae
896 3727 1110 3797 religiosorum
1131 3726 1218 3796 copia
1243 3725 1325 3780 labo·

149 3824 234 3880 rant,
252 3823 381 3886 quatuor
413 3823 533 3870 tantum
565 3815 729 3875 sufficiunt,
761 3821 794 3870 ut
827 3815 994 3871 declaravit
1018 3817 1045 3871 S.
1073 3817 1104 3870 0.
1129 3815 1182 3870 En
1210 3820 1240 3868 et
1259 3813 1327 3868 ΒΗ.

151 3905 187 3959 16
206 3903 272 3958 Ian,
293 3905 371 3959 1852.

224 4012 263 4079 (2)
284 4011 386 4065 Etiam
406 4009 438 4064 hi
461 4010 499 4064 ob
519 4011 692 4082 pauciorem
725 4011 941 4081 religiosorum
961 4027 1119 4064 numerum
1139 4010 1177 4063 ad
1197 4016 1328 4080 quatuor

149 4099 258 4156 reduci
278 4107 414 4169 possunt.

223 4207 264 4276 (3)
284 4207 312 4262 S.
334 4205 542 4277 congregatio
562 4207 733 4262 declaravit
754 4213 864 4261 autem:
899 4207 963 4261 ‹in
984 4205 1152 4260 Ordinibus
1181 4211 1242 4260 tam
1266 4223 1326 4259 am·

148 4294 226 4368 pliia
247 4312 336 4366 quam
357 4294 478 4364 exiguis
500 4295 636 4350 sufficere
656 4303 718 4351 tres
739 4296 963 4350 examinatores
983 4295 1187 4366 provinciales
1207 4301 1328 4365 praeter
