<?xml version="1.0" encoding="UTF-8"?>
<!DOCTYPE html PUBLIC "-//W3C//DTD XHTML 1.0 Transitional//EN"
    "http://www.w3.org/TR/xhtml1/DTD/xhtml1-transitional.dtd">
<html xmlns="http://www.w3.org/1999/xhtml" xml:lang="en" lang="en">
 <head>
  <title>
</title>
<meta http-equiv="Content-Type" content="text/html;charset=utf-8" />
  <meta name='ocr-system' content='tesseract 3.04.00' />
  <meta name='ocr-capabilities' content='ocr_page ocr_carea ocr_par ocr_line ocrx_word'/>
</head>
<body>
  <div class='ocr_page' id='page_1' title='image "./elementaiurisec00munegoog_0432.png"; bbox 0 0 3200 4890; ppageno 0'>
   <div class='ocr_carea' id='block_1_1' title="bbox 1270 322 1325 377">
    <p class='ocr_par' dir='ltr' id='par_1_1' title="bbox 1270 322 1325 377">
     <span class='ocr_line' id='line_1_1' title="bbox 1270 322 1325 377; baseline 0 -1"><span class='ocrx_word' id='word_1_1' title='bbox 1270 322 1325 377; x_wconf 73' lang='lat'><strong>423</strong></span> 
     </span>
    </p>
   </div>
   <div class='ocr_carea' id='block_1_2' title="bbox 141 441 1339 3650">
    <p class='ocr_par' dir='ltr' id='par_1_2' title="bbox 144 441 1326 912">
     <span class='ocr_line' id='line_1_2' title="bbox 269 441 1326 524; baseline 0.001 -22"><span class='ocrx_word' id='word_1_2' title='bbox 269 441 327 504; x_wconf 93' lang='lat' dir='ltr'><strong>IV.</strong></span> <span class='ocrx_word' id='word_1_3' title='bbox 349 442 466 503; x_wconf 87' lang='lat' dir='ltr'><strong>Domus</strong></span> <span class='ocrx_word' id='word_1_4' title='bbox 487 443 689 504; x_wconf 81' lang='lat' dir='ltr'><strong>sodalitaturn</strong></span> <span class='ocrx_word' id='word_1_5' title='bbox 712 443 888 504; x_wconf 86' lang='lat' dir='ltr'><strong>huiusmodi</strong></span> <span class='ocrx_word' id='word_1_6' title='bbox 924 448 951 504; x_wconf 90' lang='lat' dir='ltr'><strong>si</strong></span> <span class='ocrx_word' id='word_1_7' title='bbox 975 448 1118 505; x_wconf 78' lang='lat' dir='ltr'><strong>ciamura</strong></span> <span class='ocrx_word' id='word_1_8' title='bbox 1149 447 1326 524; x_wconf 76' lang='lat' dir='ltr'><strong>episcopali,</strong></span> 
     </span>
     <span class='ocr_line' id='line_1_3' title="bbox 149 539 1325 618; baseline 0.003 -22"><span class='ocrx_word' id='word_1_9' title='bbox 149 544 290 616; x_wconf 87' lang='lat' dir='ltr'><strong>utantur,</strong></span> <span class='ocrx_word' id='word_1_10' title='bbox 313 539 477 617; x_wconf 87' lang='lat' dir='ltr'><strong>Episcopis</strong></span> <span class='ocrx_word' id='word_1_11' title='bbox 497 544 568 600; x_wconf 88' lang='lat' dir='ltr'><strong>iura</strong></span> <span class='ocrx_word' id='word_1_12' title='bbox 590 547 717 602; x_wconf 87' lang='lat' dir='ltr'><strong>manent</strong></span> <span class='ocrx_word' id='word_1_13' title='bbox 738 545 872 618; x_wconf 87' lang='lat' dir='ltr'><strong>integra,</strong></span> <span class='ocrx_word' id='word_1_14' title='bbox 902 541 1040 617; x_wconf 84' lang='lat' dir='ltr'><strong>quaeda</strong></span> <span class='ocrx_word' id='word_1_15' title='bbox 1062 541 1215 601; x_wconf 87' lang='lat' dir='ltr'><strong>hacrea</strong></span> <span class='ocrx_word' id='word_1_16' title='bbox 1249 560 1325 618; x_wconf 83' lang='lat' dir='ltr'><strong>pon·</strong></span> 
     </span>
     <span class='ocr_line' id='line_1_4' title="bbox 150 634 1324 716; baseline 0.003 -23"><span class='ocrx_word' id='word_1_17' title='bbox 150 634 259 695; x_wconf 90' lang='lat' dir='ltr'><strong>tificiis</strong></span> <span class='ocrx_word' id='word_1_18' title='bbox 279 637 402 714; x_wconf 85' lang='lat' dir='ltr'><strong>legibus</strong></span> <span class='ocrx_word' id='word_1_19' title='bbox 423 640 617 699; x_wconf 89' lang='lat' dir='ltr'><strong>tribuuntur.</strong></span> <span class='ocrx_word' id='word_1_20' title='bbox 633 640 668 700; x_wconf 88' lang='lat' dir='ltr'><strong>Si</strong></span> <span class='ocrx_word' id='word_1_21' title='bbox 689 659 767 716; x_wconf 88' lang='lat' dir='ltr'><strong>quae</strong></span> <span class='ocrx_word' id='word_1_22' title='bbox 788 646 907 708; x_wconf 73' lang='lat' dir='ltr'><strong>autem,</strong></span> <span class='ocrx_word' id='word_1_23' title='bbox 928 643 1082 716; x_wconf 70' lang='lat' dir='ltr'><strong>clausura,</strong></span> <span class='ocrx_word' id='word_1_24' title='bbox 1104 645 1139 699; x_wconf 87' lang='lat' dir='ltr'><strong>ut</strong></span> <span class='ocrx_word' id='word_1_25' title='bbox 1167 642 1324 716; x_wconf 90' lang='lat' dir='ltr'><strong>inquiunt,</strong></span> 
     </span>
     <span class='ocr_line' id='line_1_5' title="bbox 144 735 1325 816; baseline 0 -22"><span class='ocrx_word' id='word_1_26' title='bbox 144 737 289 812; x_wconf 80' lang='lat' dir='ltr'><em>partiali,</em></span> <span class='ocrx_word' id='word_1_27' title='bbox 310 743 450 815; x_wconf 90' lang='lat' dir='ltr'><strong>utantur,</strong></span> <span class='ocrx_word' id='word_1_28' title='bbox 473 737 621 816; x_wconf 79' lang='lat' dir='ltr'><strong>Episcopi</strong></span> <span class='ocrx_word' id='word_1_29' title='bbox 642 741 705 798; x_wconf 89' lang='lat' dir='ltr'><strong>erit</strong></span> <span class='ocrx_word' id='word_1_30' title='bbox 726 757 835 797; x_wconf 89' lang='lat' dir='ltr'><strong>curare</strong></span> <span class='ocrx_word' id='word_1_31' title='bbox 856 743 893 798; x_wconf 91' lang='lat' dir='ltr'><strong>ut</strong></span> <span class='ocrx_word' id='word_1_32' title='bbox 914 741 976 797; x_wconf 89' lang='lat' dir='ltr'><strong>rite</strong></span> <span class='ocrx_word' id='word_1_33' title='bbox 1007 743 1161 816; x_wconf 89' lang='lat' dir='ltr'><strong>servetur,</strong></span> <span class='ocrx_word' id='word_1_34' title='bbox 1183 744 1215 796; x_wconf 82' lang='lat' dir='ltr'><strong>et</strong></span> <span class='ocrx_word' id='word_1_35' title='bbox 1236 735 1325 811; x_wconf 89' lang='lat' dir='ltr'><strong>quid-</strong></span> 
     </span>
     <span class='ocr_line' id='line_1_6' title="bbox 149 830 782 912; baseline 0.008 -22"><span class='ocrx_word' id='word_1_36' title='bbox 149 830 226 907; x_wconf 82' lang='lat' dir='ltr'><strong>quid</strong></span> <span class='ocrx_word' id='word_1_37' title='bbox 246 835 280 890; x_wconf 92' lang='lat' dir='ltr'><strong>in</strong></span> <span class='ocrx_word' id='word_1_38' title='bbox 301 852 368 894; x_wconf 88' lang='lat' dir='ltr'><strong>eam</strong></span> <span class='ocrx_word' id='word_1_39' title='bbox 391 837 512 912; x_wconf 90' lang='lat' dir='ltr'><strong>irrepat</strong></span> <span class='ocrx_word' id='word_1_40' title='bbox 532 837 606 894; x_wconf 86' lang='lat' dir='ltr'><strong>vitii</strong></span> <span class='ocrx_word' id='word_1_41' title='bbox 628 835 782 895; x_wconf 80' lang='lat' dir='ltr'><strong>cohibere.</strong></span> 
     </span>
    </p>

    <p class='ocr_par' dir='ltr' id='par_1_3' title="bbox 150 931 1325 1594">
     <span class='ocr_line' id='line_1_7' title="bbox 269 931 1323 1008; baseline -0.002 -16"><span class='ocrx_word' id='word_1_42' title='bbox 269 931 309 992; x_wconf 90' lang='lat' dir='ltr'><strong>V.</strong></span> <span class='ocrx_word' id='word_1_43' title='bbox 330 931 459 991; x_wconf 91' lang='lat' dir='ltr'><strong>Alumni</strong></span> <span class='ocrx_word' id='word_1_44' title='bbox 480 932 663 992; x_wconf 87' lang='lat' dir='ltr'><strong>alumnaeve</strong></span> <span class='ocrx_word' id='word_1_45' title='bbox 685 932 888 992; x_wconf 88' lang='lat' dir='ltr'><strong>sodalitatum</strong></span> <span class='ocrx_word' id='word_1_46' title='bbox 911 933 1031 1007; x_wconf 89' lang='lat' dir='ltr'><strong>harum,</strong></span> <span class='ocrx_word' id='word_1_47' title='bbox 1046 932 1086 990; x_wconf 81' lang='lat' dir='ltr'><strong>ad</strong></span> <span class='ocrx_word' id='word_1_48' title='bbox 1110 935 1215 1008; x_wconf 79' lang='lat' dir='ltr'><strong>forum</strong></span> <span class='ocrx_word' id='word_1_49' title='bbox 1232 937 1323 992; x_wconf 83' lang='lat' dir='ltr'><strong>inter-</strong></span> 
     </span>
     <span class='ocr_line' id='line_1_8' title="bbox 150 1029 1323 1108; baseline 0.003 -22"><span class='ocrx_word' id='word_1_50' title='bbox 150 1045 225 1088; x_wconf 88' lang='lat' dir='ltr'><strong>num</strong></span> <span class='ocrx_word' id='word_1_51' title='bbox 244 1029 326 1104; x_wconf 88' lang='lat' dir='ltr'><strong>quod</strong></span> <span class='ocrx_word' id='word_1_52' title='bbox 346 1034 473 1107; x_wconf 91' lang='lat' dir='ltr'><strong>attinet,</strong></span> <span class='ocrx_word' id='word_1_53' title='bbox 494 1031 642 1108; x_wconf 83' lang='lat' dir='ltr'><strong>Episcopi</strong></span> <span class='ocrx_word' id='word_1_54' title='bbox 656 1033 808 1108; x_wconf 76' lang='lat' dir='ltr'><strong>potestati</strong></span> <span class='ocrx_word' id='word_1_55' title='bbox 828 1031 972 1090; x_wconf 87' lang='lat' dir='ltr'><strong>subsunt.</strong></span> <span class='ocrx_word' id='word_1_56' title='bbox 993 1031 1033 1090; x_wconf 94' lang='lat' dir='ltr'><strong>In</strong></span> <span class='ocrx_word' id='word_1_57' title='bbox 1054 1032 1124 1106; x_wconf 76' lang='lat' dir='ltr'><strong>foro</strong></span> <span class='ocrx_word' id='word_1_58' title='bbox 1145 1037 1251 1090; x_wconf 87' lang='lat' dir='ltr'><strong>autem</strong></span> <span class='ocrx_word' id='word_1_59' title='bbox 1271 1049 1323 1089; x_wconf 79' lang='lat' dir='ltr'><strong>aa·</strong></span> 
     </span>
     <span class='ocr_line' id='line_1_9' title="bbox 151 1127 1324 1206; baseline 0.001 -22"><span class='ocrx_word' id='word_1_60' title='bbox 151 1131 245 1201; x_wconf 78' lang='lat' dir='ltr'><strong>terreo,</strong></span> <span class='ocrx_word' id='word_1_61' title='bbox 279 1127 381 1188; x_wconf 90' lang='lat' dir='ltr'><strong>eidem</strong></span> <span class='ocrx_word' id='word_1_62' title='bbox 400 1129 535 1188; x_wconf 91' lang='lat' dir='ltr'><strong>subsunt</strong></span> <span class='ocrx_word' id='word_1_63' title='bbox 568 1129 650 1204; x_wconf 87' lang='lat' dir='ltr'><strong>quod</strong></span> <span class='ocrx_word' id='word_1_64' title='bbox 685 1134 807 1206; x_wconf 83' lang='lat' dir='ltr'><strong>spectet</strong></span> <span class='ocrx_word' id='word_1_65' title='bbox 827 1129 868 1188; x_wconf 88' lang='lat' dir='ltr'><strong>ad</strong></span> <span class='ocrx_word' id='word_1_66' title='bbox 889 1148 1047 1202; x_wconf 86' lang='lat' dir='ltr'><strong>censuras,</strong></span> <span class='ocrx_word' id='word_1_67' title='bbox 1079 1130 1324 1187; x_wconf 78' lang='lat' dir='ltr'><strong>reservationem</strong></span> 
     </span>
     <span class='ocr_line' id='line_1_10' title="bbox 150 1225 1324 1303; baseline 0.001 -21"><span class='ocrx_word' id='word_1_68' title='bbox 150 1240 286 1303; x_wconf 88' lang='lat' dir='ltr'><strong>casuum,</strong></span> <span class='ocrx_word' id='word_1_69' title='bbox 308 1232 449 1286; x_wconf 90' lang='lat' dir='ltr'><strong>votorum</strong></span> <span class='ocrx_word' id='word_1_70' title='bbox 470 1227 695 1286; x_wconf 76' lang='lat' dir='ltr'><strong>relaxationem</strong></span> <span class='ocrx_word' id='word_1_71' title='bbox 715 1247 794 1303; x_wconf 88' lang='lat' dir='ltr'><strong>quae</strong></span> <span class='ocrx_word' id='word_1_72' title='bbox 816 1247 878 1286; x_wconf 90' lang='lat' dir='ltr'><strong>non</strong></span> <span class='ocrx_word' id='word_1_73' title='bbox 899 1231 965 1286; x_wconf 89' lang='lat' dir='ltr'><strong>sint</strong></span> <span class='ocrx_word' id='word_1_74' title='bbox 998 1229 1054 1284; x_wconf 92' lang='lat' dir='ltr'><strong>uni</strong></span> <span class='ocrx_word' id='word_1_75' title='bbox 1077 1245 1195 1284; x_wconf 90' lang='lat' dir='ltr'><strong>summo</strong></span> <span class='ocrx_word' id='word_1_76' title='bbox 1216 1225 1324 1284; x_wconf 86' lang='lat' dir='ltr'><strong>Ponti·</strong></span> 
     </span>
     <span class='ocr_line' id='line_1_11' title="bbox 151 1319 1324 1402; baseline 0.001 -24"><span class='ocrx_word' id='word_1_77' title='bbox 151 1319 202 1379; x_wconf 84' lang='lat' dir='ltr'><strong>fici</strong></span> <span class='ocrx_word' id='word_1_78' title='bbox 236 1331 406 1401; x_wconf 86' lang='lat' dir='ltr'><strong>reservata,</strong></span> <span class='ocrx_word' id='word_1_79' title='bbox 439 1324 633 1402; x_wconf 86' lang='lat' dir='ltr'><strong>publicarum</strong></span> <span class='ocrx_word' id='word_1_80' title='bbox 663 1343 790 1401; x_wconf 89' lang='lat' dir='ltr'><strong>precum</strong></span> <span class='ocrx_word' id='word_1_81' title='bbox 824 1323 1036 1399; x_wconf 69' lang='lat' dir='ltr'><strong>indictionem,</strong></span> <span class='ocrx_word' id='word_1_82' title='bbox 1072 1323 1324 1400; x_wconf 84' lang='lat' dir='ltr'><strong>dispensationes</strong></span> 
     </span>
     <span class='ocr_line' id='line_1_12' title="bbox 150 1419 1325 1499; baseline -0.001 -22"><span class='ocrx_word' id='word_1_83' title='bbox 150 1422 422 1496; x_wconf 89' lang='lat' dir='ltr'><strong>concessionosque</strong></span> <span class='ocrx_word' id='word_1_84' title='bbox 453 1427 584 1499; x_wconf 87' lang='lat' dir='ltr'><strong>ceteras,</strong></span> <span class='ocrx_word' id='word_1_85' title='bbox 605 1441 681 1497; x_wconf 90' lang='lat' dir='ltr'><strong>quas</strong></span> <span class='ocrx_word' id='word_1_86' title='bbox 704 1422 877 1481; x_wconf 86' lang='lat' dir='ltr'><strong>Antistites</strong></span> <span class='ocrx_word' id='word_1_87' title='bbox 899 1441 1056 1480; x_wconf 88' lang='lat' dir='ltr'><strong>sacrorum</strong></span> <span class='ocrx_word' id='word_1_88' title='bbox 1079 1419 1224 1479; x_wconf 78' lang='lat' dir='ltr'><strong>fidelibus</strong></span> <span class='ocrx_word' id='word_1_89' title='bbox 1258 1421 1325 1477; x_wconf 92' lang='lat' dir='ltr'><strong>suis</strong></span> 
     </span>
     <span class='ocr_line' id='line_1_13' title="bbox 152 1518 461 1594; baseline 0.013 -20"><span class='ocrx_word' id='word_1_90' title='bbox 152 1518 315 1593; x_wconf 88' lang='lat' dir='ltr'><strong>impertire</strong></span> <span class='ocrx_word' id='word_1_91' title='bbox 335 1526 461 1594; x_wconf 86' lang='lat' dir='ltr'><strong>queant.</strong></span> 
     </span>
    </p>

    <p class='ocr_par' dir='ltr' id='par_1_4' title="bbox 141 1614 1339 2362">
     <span class='ocr_line' id='line_1_14' title="bbox 271 1614 1323 1694; baseline -0.006 -18"><span class='ocrx_word' id='word_1_92' title='bbox 271 1615 329 1676; x_wconf 89' lang='lat' dir='ltr'><strong>VI.</strong></span> <span class='ocrx_word' id='word_1_93' title='bbox 365 1617 399 1676; x_wconf 88' lang='lat' dir='ltr'><strong>Si</strong></span> <span class='ocrx_word' id='word_1_94' title='bbox 419 1620 472 1692; x_wconf 91' lang='lat' dir='ltr'><strong>qui</strong></span> <span class='ocrx_word' id='word_1_95' title='bbox 493 1621 578 1694; x_wconf 63' lang='lat' dir='ltr'><strong>vero]</strong></span> <span class='ocrx_word' id='word_1_96' title='bbox 598 1617 638 1674; x_wconf 90' lang='lat' dir='ltr'><strong>ad</strong></span> <span class='ocrx_word' id='word_1_97' title='bbox 659 1635 763 1676; x_wconf 90' lang='lat' dir='ltr'><strong>sacros</strong></span> <span class='ocrx_word' id='word_1_98' title='bbox 798 1617 924 1676; x_wconf 89' lang='lat' dir='ltr'><strong>ordines</strong></span> <span class='ocrx_word' id='word_1_99' title='bbox 953 1619 1126 1694; x_wconf 87' lang='lat' dir='ltr'><strong>promoveri</strong></span> <span class='ocrx_word' id='word_1_100' title='bbox 1162 1614 1323 1692; x_wconf 85' lang='lat' dir='ltr'><strong>postulent</strong></span> 
     </span>
     <span class='ocr_line' id='line_1_15' title="bbox 152 1712 1325 1793; baseline -0.002 -21"><span class='ocrx_word' id='word_1_101' title='bbox 152 1731 204 1772; x_wconf 90' lang='lat' dir='ltr'><strong>eos</strong></span> <span class='ocrx_word' id='word_1_102' title='bbox 225 1713 406 1793; x_wconf 86' lang='lat' dir='ltr'><strong>Episcopus,</strong></span> <span class='ocrx_word' id='word_1_103' title='bbox 427 1718 489 1774; x_wconf 85' lang='lat' dir='ltr'><strong>etsi</strong></span> <span class='ocrx_word' id='word_1_104' title='bbox 510 1717 544 1772; x_wconf 91' lang='lat' dir='ltr'><strong>in</strong></span> <span class='ocrx_word' id='word_1_105' title='bbox 564 1714 699 1774; x_wconf 87' lang='lat' dir='ltr'><strong>dioecesi</strong></span> <span class='ocrx_word' id='word_1_106' title='bbox 720 1715 879 1792; x_wconf 86' lang='lat' dir='ltr'><strong>degentes,</strong></span> <span class='ocrx_word' id='word_1_107' title='bbox 911 1718 1039 1774; x_wconf 87' lang='lat' dir='ltr'><strong>initiare</strong></span> <span class='ocrx_word' id='word_1_108' title='bbox 1060 1720 1179 1790; x_wconf 83' lang='lat' dir='ltr'><strong>cavent,</strong></span> <span class='ocrx_word' id='word_1_109' title='bbox 1201 1714 1260 1772; x_wconf 90' lang='lat' dir='ltr'><strong>nisi</strong></span> <span class='ocrx_word' id='word_1_110' title='bbox 1278 1712 1325 1770; x_wconf 89' lang='lat' dir='ltr'><strong>hi-</strong></span> 
     </span>
     <span class='ocr_line' id='line_1_16' title="bbox 152 1810 1325 1888; baseline -0.001 -21"><span class='ocrx_word' id='word_1_111' title='bbox 152 1827 203 1868; x_wconf 89' lang='lat' dir='ltr'><strong>sce</strong></span> <span class='ocrx_word' id='word_1_112' title='bbox 224 1810 461 1872; x_wconf 90' lang='lat' dir='ltr'><strong>conditionibus:</strong></span> <span class='ocrx_word' id='word_1_113' title='bbox 484 1819 559 1870; x_wconf 89' lang='lat' dir='ltr'><strong>uta</strong></span> <span class='ocrx_word' id='word_1_114' title='bbox 581 1812 828 1870; x_wconf 86' lang='lat' dir='ltr'><strong>moderatoribus</strong></span> <span class='ocrx_word' id='word_1_115' title='bbox 863 1815 992 1886; x_wconf 89' lang='lat' dir='ltr'><strong>quisque</strong></span> <span class='ocrx_word' id='word_1_116' title='bbox 1015 1814 1081 1870; x_wconf 89' lang='lat' dir='ltr'><strong>suis</strong></span> <span class='ocrx_word' id='word_1_117' title='bbox 1102 1819 1325 1888; x_wconf 68' lang='lat' dir='ltr'><strong>proponantur,</strong></span> 
     </span>
     <span class='ocr_line' id='line_1_17' title="bbox 141 1909 1324 1981; baseline -0.001 -17"><span class='ocrx_word' id='word_1_118' title='bbox 141 1912 190 1974; x_wconf 48' lang='lat' dir='ltr'><strong>,ut</strong></span> <span class='ocrx_word' id='word_1_119' title='bbox 223 1925 339 1981; x_wconf 83' lang='lat' dir='ltr'><strong>quasa</strong></span> <span class='ocrx_word' id='word_1_120' title='bbox 374 1911 441 1968; x_wconf 91' lang='lat' dir='ltr'><strong>iure</strong></span> <span class='ocrx_word' id='word_1_121' title='bbox 463 1928 550 1967; x_wconf 90' lang='lat' dir='ltr'><strong>sacro</strong></span> <span class='ocrx_word' id='word_1_122' title='bbox 585 1911 706 1967; x_wconf 88' lang='lat' dir='ltr'><strong>sancita</strong></span> <span class='ocrx_word' id='word_1_123' title='bbox 740 1915 815 1967; x_wconf 87' lang='lat' dir='ltr'><strong>sunt</strong></span> <span class='ocrx_word' id='word_1_124' title='bbox 850 1909 889 1968; x_wconf 91' lang='lat' dir='ltr'><strong>de</strong></span> <span class='ocrx_word' id='word_1_125' title='bbox 924 1911 1035 1968; x_wconf 78' lang='lat' dir='ltr'><strong>litteris</strong></span> <span class='ocrx_word' id='word_1_126' title='bbox 1068 1909 1324 1967; x_wconf 77' lang='lat' dir='ltr'><strong>dimissorialibus</strong></span> 
     </span>
     <span class='ocr_line' id='line_1_18' title="bbox 152 2005 1325 2084; baseline -0.003 -20"><span class='ocrx_word' id='word_1_127' title='bbox 152 2005 203 2064; x_wconf 88' lang='lat' dir='ltr'><strong>vel</strong></span> <span class='ocrx_word' id='word_1_128' title='bbox 223 2010 483 2084; x_wconf 81' lang='lat' dir='ltr'><strong>testimonialibus,</strong></span> <span class='ocrx_word' id='word_1_129' title='bbox 505 2011 570 2066; x_wconf 88' lang='lat' dir='ltr'><strong>siut</strong></span> <span class='ocrx_word' id='word_1_130' title='bbox 593 2011 654 2066; x_wconf 86' lang='lat' dir='ltr'><strong>rite</strong></span> <span class='ocrx_word' id='word_1_131' title='bbox 676 2007 814 2084; x_wconf 72' lang='lat' dir='ltr'><strong>impleta,</strong></span> <span class='ocrx_word' id='word_1_132' title='bbox 836 2013 872 2065; x_wconf 91' lang='lat' dir='ltr'><strong>ut</strong></span> <span class='ocrx_word' id='word_1_133' title='bbox 893 2011 983 2066; x_wconf 86' lang='lat' dir='ltr'><strong>tituto</strong></span> <span class='ocrx_word' id='word_1_134' title='bbox 996 2026 1102 2066; x_wconf 81' lang='lat' dir='ltr'><strong>sacrae</strong></span> <span class='ocrx_word' id='word_1_135' title='bbox 1116 2006 1325 2066; x_wconf 80' lang='lat' dir='ltr'><strong>ordinationis</strong></span> 
     </span>
     <span class='ocr_line' id='line_1_19' title="bbox 154 2105 1339 2183; baseline -0.001 -22"><span class='ocrx_word' id='word_1_136' title='bbox 154 2122 192 2162; x_wconf 90' lang='lat' dir='ltr'><strong>ne</strong></span> <span class='ocrx_word' id='word_1_137' title='bbox 214 2111 350 2180; x_wconf 86' lang='lat' dir='ltr'><strong>careant,</strong></span> <span class='ocrx_word' id='word_1_138' title='bbox 371 2106 420 2164; x_wconf 89' lang='lat' dir='ltr'><strong>vel</strong></span> <span class='ocrx_word' id='word_1_139' title='bbox 442 2112 583 2165; x_wconf 87' lang='lat' dir='ltr'><strong>certeco</strong></span> <span class='ocrx_word' id='word_1_140' title='bbox 606 2107 745 2182; x_wconf 81' lang='lat' dir='ltr'><strong>legitime</strong></span> <span class='ocrx_word' id='word_1_141' title='bbox 781 2109 967 2183; x_wconf 64' lang='lat' dir='ltr'><strong>erimantum</strong></span> <span class='ocrx_word' id='word_1_142' title='bbox 989 2115 1024 2164; x_wconf 90' lang='lat' dir='ltr'><strong>ut</strong></span> <span class='ocrx_word' id='word_1_143' title='bbox 1046 2105 1220 2180; x_wconf 80' lang='lat' dir='ltr'><strong>theologiae</strong></span> <span class='ocrx_word' id='word_1_144' title='bbox 1257 2111 1339 2160; x_wconf 89' lang='lat' dir='ltr'><strong>stu--</strong></span> 
     </span>
     <span class='ocr_line' id='line_1_20' title="bbox 153 2200 1326 2282; baseline -0.003 -22"><span class='ocrx_word' id='word_1_145' title='bbox 153 2201 215 2261; x_wconf 89' lang='lat' dir='ltr'><strong>diis</strong></span> <span class='ocrx_word' id='word_1_146' title='bbox 237 2223 360 2280; x_wconf 91' lang='lat' dir='ltr'><strong>operam</strong></span> <span class='ocrx_word' id='word_1_147' title='bbox 381 2205 537 2282; x_wconf 89' lang='lat' dir='ltr'><strong>dederint,</strong></span> <span class='ocrx_word' id='word_1_148' title='bbox 573 2205 742 2263; x_wconf 90' lang='lat' dir='ltr'><strong>secundum</strong></span> <span class='ocrx_word' id='word_1_149' title='bbox 763 2203 922 2262; x_wconf 87' lang='lat' dir='ltr'><strong>decretum</strong></span> <span class='ocrx_word' id='word_1_150' title='bbox 943 2206 1049 2263; x_wconf 78' lang='lat' dir='ltr'><strong>Auctis</strong></span> <span class='ocrx_word' id='word_1_151' title='bbox 1070 2207 1245 2276; x_wconf 78' lang='lat' dir='ltr'><strong>admodum,</strong></span> <span class='ocrx_word' id='word_1_152' title='bbox 1274 2200 1326 2258; x_wconf 89' lang='lat' dir='ltr'><strong>die</strong></span> 
     </span>
     <span class='ocr_line' id='line_1_21' title="bbox 154 2299 825 2362; baseline 0.003 -5"><span class='ocrx_word' id='word_1_153' title='bbox 154 2299 261 2358; x_wconf 88' lang='lat' dir='ltr'><strong>datum</strong></span> <span class='ocrx_word' id='word_1_154' title='bbox 282 2317 317 2359; x_wconf 86' lang='lat' dir='ltr'><strong>1v</strong></span> <span class='ocrx_word' id='word_1_155' title='bbox 339 2304 515 2362; x_wconf 86' lang='lat' dir='ltr'><strong>novembris</strong></span> <span class='ocrx_word' id='word_1_156' title='bbox 536 2322 617 2360; x_wconf 90' lang='lat' dir='ltr'><strong>anno</strong></span> <span class='ocrx_word' id='word_1_157' title='bbox 640 2317 825 2360; x_wconf 77' lang='lat' dir='ltr'><strong>Mncauxon.</strong></span> 
     </span>
    </p>

    <p class='ocr_par' dir='ltr' id='par_1_5' title="bbox 153 2397 1326 2752">
     <span class='ocr_line' id='line_1_22' title="bbox 274 2397 1325 2477; baseline -0.004 -19"><span class='ocrx_word' id='word_1_158' title='bbox 274 2398 350 2460; x_wconf 88' lang='lat' dir='ltr'>VII.</span> <span class='ocrx_word' id='word_1_159' title='bbox 372 2400 411 2458; x_wconf 91' lang='lat' dir='ltr'><strong>In</strong></span> <span class='ocrx_word' id='word_1_160' title='bbox 433 2399 625 2477; x_wconf 85' lang='lat' dir='ltr'><strong>sodalitates,</strong></span> <span class='ocrx_word' id='word_1_161' title='bbox 646 2419 725 2474; x_wconf 87' lang='lat' dir='ltr'><strong>quae</strong></span> <span class='ocrx_word' id='word_1_162' title='bbox 752 2399 926 2458; x_wconf 89' lang='lat' dir='ltr'><strong>mendicato</strong></span> <span class='ocrx_word' id='word_1_163' title='bbox 948 2401 1069 2474; x_wconf 82' lang='lat' dir='ltr'><strong>vivunt,</strong></span> <span class='ocrx_word' id='word_1_164' title='bbox 1091 2417 1127 2456; x_wconf 88' lang='lat' dir='ltr'><strong>ea</strong></span> <span class='ocrx_word' id='word_1_165' title='bbox 1162 2397 1325 2474; x_wconf 84' lang='lat' dir='ltr'><strong>Episcopis</strong></span> 
     </span>
     <span class='ocr_line' id='line_1_23' title="bbox 153 2494 1326 2578; baseline 0 -24"><span class='ocrx_word' id='word_1_166' title='bbox 153 2502 240 2556; x_wconf 70' lang='lat' dir='ltr'><strong>amnt</strong></span> <span class='ocrx_word' id='word_1_167' title='bbox 261 2500 338 2575; x_wconf 89' lang='lat' dir='ltr'><strong>iura,</strong></span> <span class='ocrx_word' id='word_1_168' title='bbox 359 2517 437 2573; x_wconf 86' lang='lat' dir='ltr'><strong>quae</strong></span> <span class='ocrx_word' id='word_1_169' title='bbox 459 2499 554 2558; x_wconf 90' lang='lat' dir='ltr'><strong>habet</strong></span> <span class='ocrx_word' id='word_1_170' title='bbox 574 2498 734 2558; x_wconf 89' lang='lat' dir='ltr'><strong>decretum</strong></span> <span class='ocrx_word' id='word_1_171' title='bbox 760 2497 925 2578; x_wconf 71' lang='lat' dir='ltr'><strong>Singulare</strong></span> <span class='ocrx_word' id='word_1_172' title='bbox 945 2501 1076 2576; x_wconf 82' lang='lat' dir='ltr'><strong>quidem,</strong></span> <span class='ocrx_word' id='word_1_173' title='bbox 1098 2518 1116 2555; x_wconf 83' lang='lat' dir='ltr'><strong>a</strong></span> <span class='ocrx_word' id='word_1_174' title='bbox 1138 2515 1225 2556; x_wconf 87' lang='lat' dir='ltr'><strong>sacro</strong></span> <span class='ocrx_word' id='word_1_175' title='bbox 1247 2494 1326 2554; x_wconf 82' lang='lat' dir='ltr'><strong>Gon·</strong></span> 
     </span>
     <span class='ocr_line' id='line_1_24' title="bbox 153 2577 1326 2672; baseline -0.003 -20"><span class='ocrx_word' id='word_1_176' title='bbox 153 2592 223 2652; x_wconf 86' lang='lat' dir='ltr'><strong>silio</strong></span> <span class='ocrx_word' id='word_1_177' title='bbox 245 2594 407 2671; x_wconf 89' lang='lat' dir='ltr'><strong>Episcopis</strong></span> <span class='ocrx_word' id='word_1_178' title='bbox 421 2602 454 2654; x_wconf 91' lang='lat' dir='ltr'><strong>et</strong></span> <span class='ocrx_word' id='word_1_179' title='bbox 475 2596 704 2672; x_wconf 82' lang='lat' dir='ltr'><strong>Religiosorum</strong></span> <span class='ocrx_word' id='word_1_180' title='bbox 719 2577 880 2654; x_wconf 80' lang='lat' dir='ltr'><strong>ordinibus</strong></span> <span class='ocrx_word' id='word_1_181' title='bbox 901 2597 1076 2670; x_wconf 89' lang='lat' dir='ltr'><strong>praeposito</strong></span> <span class='ocrx_word' id='word_1_182' title='bbox 1097 2593 1326 2670; x_wconf 88' lang='lat' dir='ltr'><strong>promulgatum</strong></span> 
     </span>
     <span class='ocr_line' id='line_1_25' title="bbox 153 2690 762 2752; baseline 0.005 -3"><span class='ocrx_word' id='word_1_183' title='bbox 153 2690 204 2750; x_wconf 86' lang='lat' dir='ltr'><strong>die</strong></span> <span class='ocrx_word' id='word_1_184' title='bbox 225 2706 319 2750; x_wconf 82' lang='lat' dir='ltr'><strong>xxvn</strong></span> <span class='ocrx_word' id='word_1_185' title='bbox 339 2696 444 2751; x_wconf 84' lang='lat' dir='ltr'><strong>martii</strong></span> <span class='ocrx_word' id='word_1_186' title='bbox 467 2712 548 2752; x_wconf 88' lang='lat' dir='ltr'><strong>anno</strong></span> <span class='ocrx_word' id='word_1_187' title='bbox 569 2708 762 2752; x_wconf 84' lang='lat' dir='ltr'><strong>unoooxovr.</strong></span> 
     </span>
    </p>

    <p class='ocr_par' dir='ltr' id='par_1_6' title="bbox 151 2789 1333 3650">
     <span class='ocr_line' id='line_1_26' title="bbox 272 2789 1325 2868; baseline -0.006 -17"><span class='ocrx_word' id='word_1_188' title='bbox 272 2791 367 2851; x_wconf 88' lang='lat' dir='ltr'>VIII.</span> <span class='ocrx_word' id='word_1_189' title='bbox 388 2792 428 2851; x_wconf 92' lang='lat' dir='ltr'><strong>In</strong></span> <span class='ocrx_word' id='word_1_190' title='bbox 449 2795 490 2851; x_wconf 91' lang='lat' dir='ltr'><strong>iis</strong></span> <span class='ocrx_word' id='word_1_191' title='bbox 511 2810 589 2867; x_wconf 87' lang='lat' dir='ltr'><strong>quae</strong></span> <span class='ocrx_word' id='word_1_192' title='bbox 610 2791 650 2849; x_wconf 90' lang='lat' dir='ltr'><strong>ad</strong></span> <span class='ocrx_word' id='word_1_193' title='bbox 672 2791 850 2868; x_wconf 88' lang='lat' dir='ltr'><strong>spiritualia</strong></span> <span class='ocrx_word' id='word_1_194' title='bbox 886 2792 1046 2866; x_wconf 91' lang='lat' dir='ltr'><strong>pertinent</strong></span> <span class='ocrx_word' id='word_1_195' title='bbox 1068 2789 1245 2848; x_wconf 90' lang='lat' dir='ltr'><strong>subduntur</strong></span> <span class='ocrx_word' id='word_1_196' title='bbox 1277 2807 1325 2845; x_wconf 91' lang='lat' dir='ltr'><strong>so-</strong></span> 
     </span>
     <span class='ocr_line' id='line_1_27' title="bbox 154 2887 1328 2967; baseline -0.003 -21"><span class='ocrx_word' id='word_1_197' title='bbox 154 2887 303 2947; x_wconf 86' lang='lat' dir='ltr'><strong>dalitates</strong></span> <span class='ocrx_word' id='word_1_198' title='bbox 324 2889 487 2967; x_wconf 90' lang='lat' dir='ltr'><strong>Episcopis</strong></span> <span class='ocrx_word' id='word_1_199' title='bbox 518 2890 705 2949; x_wconf 88' lang='lat' dir='ltr'><strong>dioecesium</strong></span> <span class='ocrx_word' id='word_1_200' title='bbox 728 2889 894 2963; x_wconf 87' lang='lat' dir='ltr'><strong>inquibus</strong></span> <span class='ocrx_word' id='word_1_201' title='bbox 926 2896 1103 2946; x_wconf 84' lang='lat' dir='ltr'><strong>versantur.</strong></span> <span class='ocrx_word' id='word_1_202' title='bbox 1126 2887 1246 2944; x_wconf 92' lang='lat' dir='ltr'><strong>Horum</strong></span> <span class='ocrx_word' id='word_1_203' title='bbox 1268 2888 1328 2962; x_wconf 91' lang='lat' dir='ltr'><strong>igi-</strong></span> 
     </span>
     <span class='ocr_line' id='line_1_28' title="bbox 153 2985 1327 3064; baseline 0 -21"><span class='ocrx_word' id='word_1_204' title='bbox 153 2993 207 3044; x_wconf 90' lang='lat' dir='ltr'><strong>tur</strong></span> <span class='ocrx_word' id='word_1_205' title='bbox 227 2989 290 3044; x_wconf 90' lang='lat' dir='ltr'><strong>erit</strong></span> <span class='ocrx_word' id='word_1_206' title='bbox 310 2987 486 3047; x_wconf 86' lang='lat' dir='ltr'><strong>sacerdotes</strong></span> <span class='ocrx_word' id='word_1_207' title='bbox 507 2991 586 3064; x_wconf 89' lang='lat' dir='ltr'><strong>ipsis</strong></span> <span class='ocrx_word' id='word_1_208' title='bbox 607 2995 640 3047; x_wconf 88' lang='lat' dir='ltr'><strong>et</strong></span> <span class='ocrx_word' id='word_1_209' title='bbox 663 3009 679 3046; x_wconf 78' lang='lat' dir='ltr'><strong>a</strong></span> <span class='ocrx_word' id='word_1_210' title='bbox 701 2990 798 3046; x_wconf 89' lang='lat' dir='ltr'><strong>saeris</strong></span> <span class='ocrx_word' id='word_1_211' title='bbox 819 2985 985 3062; x_wconf 81' lang='lat' dir='ltr'><strong>designare</strong></span> <span class='ocrx_word' id='word_1_212' title='bbox 1020 2991 1053 3044; x_wconf 93' lang='lat' dir='ltr'><strong>et</strong></span> <span class='ocrx_word' id='word_1_213' title='bbox 1073 3005 1091 3043; x_wconf 90' lang='lat' dir='ltr'><strong>a</strong></span> <span class='ocrx_word' id='word_1_214' title='bbox 1127 2985 1327 3044; x_wconf 89' lang='lat' dir='ltr'><strong>concionibus</strong></span> 
     </span>
     <span class='ocr_line' id='line_1_29' title="bbox 152 3084 1327 3161; baseline 0 -19"><span class='ocrx_word' id='word_1_215' title='bbox 152 3085 293 3160; x_wconf 88' lang='lat' dir='ltr'><strong>probare.</strong></span> <span class='ocrx_word' id='word_1_216' title='bbox 316 3084 405 3159; x_wconf 83' lang='lat' dir='ltr'><strong>Quod</strong></span> <span class='ocrx_word' id='word_1_217' title='bbox 427 3089 454 3144; x_wconf 84' lang='lat' dir='ltr'><strong>si</strong></span> <span class='ocrx_word' id='word_1_218' title='bbox 476 3086 659 3145; x_wconf 86' lang='lat' dir='ltr'><strong>sodalitates</strong></span> <span class='ocrx_word' id='word_1_219' title='bbox 681 3085 848 3144; x_wconf 89' lang='lat' dir='ltr'><strong>muliebres</strong></span> <span class='ocrx_word' id='word_1_220' title='bbox 873 3086 947 3161; x_wconf 89' lang='lat' dir='ltr'><strong>sint,</strong></span> <span class='ocrx_word' id='word_1_221' title='bbox 959 3084 1139 3160; x_wconf 86' lang='lat' dir='ltr'><strong>designabit</strong></span> <span class='ocrx_word' id='word_1_222' title='bbox 1155 3087 1231 3142; x_wconf 89' lang='lat' dir='ltr'><strong>item</strong></span> <span class='ocrx_word' id='word_1_223' title='bbox 1252 3084 1327 3160; x_wconf 90' lang='lat' dir='ltr'><strong>Epi-</strong></span> 
     </span>
     <span class='ocr_line' id='line_1_30' title="bbox 154 3181 1333 3258; baseline -0.001 -20"><span class='ocrx_word' id='word_1_224' title='bbox 154 3198 264 3257; x_wconf 88' lang='lat' dir='ltr'><strong>scopus</strong></span> <span class='ocrx_word' id='word_1_225' title='bbox 286 3183 462 3252; x_wconf 84' lang='lat' dir='ltr'><strong>sacerdotes</strong></span> <span class='ocrx_word' id='word_1_226' title='bbox 483 3203 501 3242; x_wconf 87' lang='lat' dir='ltr'><strong>a</strong></span> <span class='ocrx_word' id='word_1_227' title='bbox 523 3182 770 3242; x_wconf 86' lang='lat' dir='ltr'><strong>confessionibus</strong></span> <span class='ocrx_word' id='word_1_228' title='bbox 792 3188 858 3240; x_wconf 88' lang='lat' dir='ltr'><strong>tum</strong></span> <span class='ocrx_word' id='word_1_229' title='bbox 880 3181 1054 3240; x_wconf 90' lang='lat' dir='ltr'><strong>ordinarios</strong></span> <span class='ocrx_word' id='word_1_230' title='bbox 1076 3188 1142 3240; x_wconf 93' lang='lat' dir='ltr'><strong>tum</strong></span> <span class='ocrx_word' id='word_1_231' title='bbox 1164 3189 1253 3240; x_wconf 85' lang='lat' dir='ltr'><strong>extra</strong></span> <span class='ocrx_word' id='word_1_232' title='bbox 1275 3199 1333 3258; x_wconf 47' lang='lat' dir='ltr'><strong>ore</strong></span> 
     </span>
     <span class='ocr_line' id='line_1_31' title="bbox 152 3277 1328 3356; baseline -0.001 -20"><span class='ocrx_word' id='word_1_233' title='bbox 152 3277 267 3356; x_wconf 90' lang='lat' dir='ltr'><strong>dinem,</strong></span> <span class='ocrx_word' id='word_1_234' title='bbox 289 3279 328 3338; x_wconf 85' lang='lat' dir='ltr'><strong>ud</strong></span> <span class='ocrx_word' id='word_1_235' title='bbox 351 3301 489 3340; x_wconf 90' lang='lat' dir='ltr'><strong>normam</strong></span> <span class='ocrx_word' id='word_1_236' title='bbox 510 3283 745 3340; x_wconf 88' lang='lat' dir='ltr'><strong>constitutionis</strong></span> <span class='ocrx_word' id='word_1_237' title='bbox 772 3283 946 3339; x_wconf 82' lang='lat' dir='ltr'><strong>Pastoralis</strong></span> <span class='ocrx_word' id='word_1_238' title='bbox 967 3299 1066 3355; x_wconf 87' lang='lat' dir='ltr'><strong>curae,</strong></span> <span class='ocrx_word' id='word_1_239' title='bbox 1102 3300 1120 3336; x_wconf 89' lang='lat' dir='ltr'><strong>a</strong></span> <span class='ocrx_word' id='word_1_240' title='bbox 1155 3277 1328 3338; x_wconf 89' lang='lat' dir='ltr'><strong>Benedicto</strong></span> 
     </span>
     <span class='ocr_line' id='line_1_32' title="bbox 152 3375 1328 3452; baseline -0.003 -18"><span class='ocrx_word' id='word_1_241' title='bbox 152 3376 233 3437; x_wconf 86' lang='lat' dir='ltr'><strong>XIV</strong></span> <span class='ocrx_word' id='word_1_242' title='bbox 255 3377 416 3438; x_wconf 89' lang='lat' dir='ltr'><strong>decessore</strong></span> <span class='ocrx_word' id='word_1_243' title='bbox 439 3378 554 3438; x_wconf 88' lang='lat' dir='ltr'><strong>Nostro</strong></span> <span class='ocrx_word' id='word_1_244' title='bbox 575 3378 688 3452; x_wconf 85' lang='lat' dir='ltr'><strong>editae,</strong></span> <span class='ocrx_word' id='word_1_245' title='bbox 710 3397 746 3436; x_wconf 89' lang='lat' dir='ltr'><strong>ac</strong></span> <span class='ocrx_word' id='word_1_246' title='bbox 767 3376 886 3436; x_wconf 88' lang='lat' dir='ltr'><strong>decreti</strong></span> <span class='ocrx_word' id='word_1_247' title='bbox 926 3377 1198 3452; x_wconf 76' lang='lat' dir='ltr'><strong>Quemadmodum,</strong></span> <span class='ocrx_word' id='word_1_248' title='bbox 1220 3375 1286 3432; x_wconf 87' lang='lat' dir='ltr'><strong>dati</strong></span> <span class='ocrx_word' id='word_1_249' title='bbox 1309 3395 1328 3432; x_wconf 87' lang='lat' dir='ltr'><strong>a</strong></span> 
     </span>
     <span class='ocr_line' id='line_1_33' title="bbox 151 3474 1328 3553; baseline -0.002 -21"><span class='ocrx_word' id='word_1_250' title='bbox 151 3493 239 3532; x_wconf 88' lang='lat' dir='ltr'><strong>sacro</strong></span> <span class='ocrx_word' id='word_1_251' title='bbox 261 3474 396 3535; x_wconf 81' lang='lat' dir='ltr'><strong>Consilio</strong></span> <span class='ocrx_word' id='word_1_252' title='bbox 431 3477 594 3553; x_wconf 87' lang='lat' dir='ltr'><strong>Episcopis</strong></span> <span class='ocrx_word' id='word_1_253' title='bbox 615 3485 648 3535; x_wconf 88' lang='lat' dir='ltr'><strong>et</strong></span> <span class='ocrx_word' id='word_1_254' title='bbox 683 3475 914 3551; x_wconf 87' lang='lat' dir='ltr'><strong>Religiosorum</strong></span> <span class='ocrx_word' id='word_1_255' title='bbox 945 3475 1106 3533; x_wconf 76' lang='lat' dir='ltr'><strong>ordinibus</strong></span> <span class='ocrx_word' id='word_1_256' title='bbox 1141 3475 1328 3550; x_wconf 87' lang='lat' dir='ltr'><strong>praeposito,</strong></span> 
     </span>
     <span class='ocr_line' id='line_1_34' title="bbox 152 3569 1328 3650; baseline -0.003 -21"><span class='ocrx_word' id='word_1_257' title='bbox 152 3571 203 3630; x_wconf 90' lang='lat' dir='ltr'><strong>die</strong></span> <span class='ocrx_word' id='word_1_258' title='bbox 224 3588 295 3630; x_wconf 83' lang='lat' dir='ltr'><strong>xvn</strong></span> <span class='ocrx_word' id='word_1_259' title='bbox 317 3574 489 3633; x_wconf 88' lang='lat' dir='ltr'><strong>decembris</strong></span> <span class='ocrx_word' id='word_1_260' title='bbox 510 3593 591 3634; x_wconf 89' lang='lat' dir='ltr'><strong>anno</strong></span> <span class='ocrx_word' id='word_1_261' title='bbox 612 3589 770 3650; x_wconf 71' lang='lat' dir='ltr'><strong>nuceam,</strong></span> <span class='ocrx_word' id='word_1_262' title='bbox 792 3572 872 3648; x_wconf 91' lang='lat' dir='ltr'><strong>quod</strong></span> <span class='ocrx_word' id='word_1_263' title='bbox 894 3571 1019 3647; x_wconf 90' lang='lat' dir='ltr'><strong>quidem</strong></span> <span class='ocrx_word' id='word_1_264' title='bbox 1047 3572 1206 3630; x_wconf 87' lang='lat' dir='ltr'><strong>decretum</strong></span> <span class='ocrx_word' id='word_1_265' title='bbox 1227 3569 1265 3628; x_wconf 89' lang='lat' dir='ltr'><strong>ad</strong></span> <span class='ocrx_word' id='word_1_266' title='bbox 1280 3572 1328 3627; x_wconf 89' lang='lat' dir='ltr'><strong>vi-</strong></span> 
     </span>
    </p>
   </div>
   <div class='ocr_carea' id='block_1_3' title="bbox 152 3670 1433 3748">
    <p class='ocr_par' dir='ltr' id='par_1_7' title="bbox 152 3670 1433 3748">
     <span class='ocr_line' id='line_1_35' title="bbox 152 3670 1433 3748; baseline -0.003 -20"><span class='ocrx_word' id='word_1_267' title='bbox 152 3687 255 3728; x_wconf 90' lang='lat' dir='ltr'><strong>rorum</strong></span> <span class='ocrx_word' id='word_1_268' title='bbox 277 3673 373 3730; x_wconf 88' lang='lat' dir='ltr'><strong>etiam</strong></span> <span class='ocrx_word' id='word_1_269' title='bbox 396 3675 639 3732; x_wconf 86' lang='lat' dir='ltr'><strong>consociationes</strong></span> <span class='ocrx_word' id='word_1_270' title='bbox 654 3674 802 3748; x_wconf 89' lang='lat' dir='ltr'><strong>pertinet,</strong></span> <span class='ocrx_word' id='word_1_271' title='bbox 824 3674 876 3745; x_wconf 89' lang='lat' dir='ltr'><strong>qui</strong></span> <span class='ocrx_word' id='word_1_272' title='bbox 893 3673 991 3729; x_wconf 87' lang='lat' dir='ltr'><strong>sacris</strong></span> <span class='ocrx_word' id='word_1_273' title='bbox 1006 3671 1133 3726; x_wconf 91' lang='lat' dir='ltr'><strong>minime</strong></span> <span class='ocrx_word' id='word_1_274' title='bbox 1149 3670 1328 3726; x_wconf 88' lang='lat' dir='ltr'><strong>initiantur.</strong></span> <span class='ocrx_word' id='word_1_275' title='bbox 1429 3724 1433 3732; x_wconf 89' lang='grc'><em>,</em></span> 
     </span>
    </p>
   </div>
   <div class='ocr_carea' id='block_1_4' title="bbox 146 3764 1329 4236">
    <p class='ocr_par' dir='ltr' id='par_1_8' title="bbox 146 3764 1329 4236">
     <span class='ocr_line' id='line_1_36' title="bbox 273 3764 1328 3846; baseline -0.004 -21"><span class='ocrx_word' id='word_1_276' title='bbox 273 3767 333 3828; x_wconf 89' lang='grc' dir='ltr'><strong>ΙΧ.</strong></span> <span class='ocrx_word' id='word_1_277' title='bbox 356 3768 522 3846; x_wconf 89' lang='lat' dir='ltr'><strong>Bonorum,</strong></span> <span class='ocrx_word' id='word_1_278' title='bbox 544 3769 656 3844; x_wconf 87' lang='lat' dir='ltr'><strong>quibus</strong></span> <span class='ocrx_word' id='word_1_279' title='bbox 680 3767 832 3826; x_wconf 85' lang='lat' dir='ltr'><strong>Sodalitia</strong></span> <span class='ocrx_word' id='word_1_280' title='bbox 855 3765 978 3842; x_wconf 90' lang='lat' dir='ltr'><strong>singula</strong></span> <span class='ocrx_word' id='word_1_281' title='bbox 1000 3767 1173 3841; x_wconf 90' lang='lat' dir='ltr'><strong>potiuntur,</strong></span> <span class='ocrx_word' id='word_1_282' title='bbox 1196 3764 1328 3822; x_wconf 84' lang='lat' dir='ltr'><strong>admini-</strong></span> 
     </span>
     <span class='ocr_line' id='line_1_37' title="bbox 150 3864 1328 3942; baseline -0.005 -17"><span class='ocrx_word' id='word_1_283' title='bbox 150 3869 263 3925; x_wconf 86' lang='lat' dir='ltr'><strong>stratio</strong></span> <span class='ocrx_word' id='word_1_284' title='bbox 285 3885 380 3942; x_wconf 86' lang='lat' dir='ltr'><strong>penes</strong></span> <span class='ocrx_word' id='word_1_285' title='bbox 397 3866 624 3926; x_wconf 87' lang='lat' dir='ltr'><strong>Moderatorem</strong></span> <span class='ocrx_word' id='word_1_286' title='bbox 646 3885 823 3942; x_wconf 88' lang='lat' dir='ltr'><strong>supremum</strong></span> <span class='ocrx_word' id='word_1_287' title='bbox 846 3867 1051 3923; x_wconf 86' lang='lat' dir='ltr'><strong>maximamve</strong></span> <span class='ocrx_word' id='word_1_288' title='bbox 1074 3864 1264 3921; x_wconf 85' lang='lat' dir='ltr'><strong>Antistitam</strong></span> <span class='ocrx_word' id='word_1_289' title='bbox 1279 3879 1328 3919; x_wconf 91' lang='lat' dir='ltr'><strong>eo-</strong></span> 
     </span>
     <span class='ocr_line' id='line_1_38' title="bbox 151 3957 1328 4040; baseline -0.007 -17"><span class='ocrx_word' id='word_1_290' title='bbox 151 3983 279 4039; x_wconf 80' lang='lat' dir='ltr'><strong>rumque</strong></span> <span class='ocrx_word' id='word_1_291' title='bbox 301 3962 439 4023; x_wconf 76' lang='lat' dir='ltr'><strong>Consilia</strong></span> <span class='ocrx_word' id='word_1_292' title='bbox 460 3984 528 4024; x_wconf 84' lang='lat' dir='ltr'><strong>esse</strong></span> <span class='ocrx_word' id='word_1_293' title='bbox 549 3964 652 4024; x_wconf 86' lang='lat' dir='ltr'><strong>debet:</strong></span> <span class='ocrx_word' id='word_1_294' title='bbox 675 3963 869 4040; x_wconf 86' lang='lat' dir='ltr'><strong>singularum</strong></span> <span class='ocrx_word' id='word_1_295' title='bbox 883 3981 957 4022; x_wconf 82' lang='lat' dir='ltr'><strong>vero</strong></span> <span class='ocrx_word' id='word_1_296' title='bbox 971 3961 1163 4022; x_wconf 82' lang='lat' dir='ltr'><strong>familiarum</strong></span> <span class='ocrx_word' id='word_1_297' title='bbox 1185 3957 1328 4017; x_wconf 88' lang='lat' dir='ltr'><strong>redditus</strong></span> 
     </span>
     <span class='ocr_line' id='line_1_39' title="bbox 146 4059 1329 4139; baseline -0.007 -19"><span class='ocrx_word' id='word_1_298' title='bbox 146 4082 170 4138; x_wconf 32' lang='lat' dir='ltr'><strong>,a</strong></span> <span class='ocrx_word' id='word_1_299' title='bbox 191 4061 389 4139; x_wconf 88' lang='lat' dir='ltr'><strong>praesidibus</strong></span> <span class='ocrx_word' id='word_1_300' title='bbox 410 4063 544 4139; x_wconf 86' lang='lat' dir='ltr'><strong>singulis</strong></span> <span class='ocrx_word' id='word_1_301' title='bbox 567 4061 782 4120; x_wconf 88' lang='lat' dir='ltr'><strong>administrari</strong></span> <span class='ocrx_word' id='word_1_302' title='bbox 797 4065 929 4138; x_wconf 88' lang='lat' dir='ltr'><strong>oportet,</strong></span> <span class='ocrx_word' id='word_1_303' title='bbox 950 4079 1006 4136; x_wconf 90' lang='lat' dir='ltr'><strong>pro</strong></span> <span class='ocrx_word' id='word_1_304' title='bbox 1021 4060 1164 4118; x_wconf 90' lang='lat' dir='ltr'><strong>instituti</strong></span> <span class='ocrx_word' id='word_1_305' title='bbox 1180 4059 1329 4130; x_wconf 87' lang='lat' dir='ltr'><strong>cuiusque</strong></span> 
     </span>
     <span class='ocr_line' id='line_1_40' title="bbox 152 4151 1329 4236; baseline -0.008 -18"><span class='ocrx_word' id='word_1_306' title='bbox 152 4159 282 4236; x_wconf 89' lang='lat' dir='ltr'><strong>legibus.</strong></span> <span class='ocrx_word' id='word_1_307' title='bbox 303 4159 350 4218; x_wconf 92' lang='lat' dir='ltr'><strong>De</strong></span> <span class='ocrx_word' id='word_1_308' title='bbox 373 4163 413 4218; x_wconf 90' lang='lat' dir='ltr'><strong>iis</strong></span> <span class='ocrx_word' id='word_1_309' title='bbox 435 4159 552 4218; x_wconf 86' lang='lat' dir='ltr'><strong>nullam</strong></span> <span class='ocrx_word' id='word_1_310' title='bbox 584 4159 757 4235; x_wconf 86' lang='lat' dir='ltr'><strong>Episcopus</strong></span> <span class='ocrx_word' id='word_1_311' title='bbox 781 4161 934 4217; x_wconf 91' lang='lat' dir='ltr'><strong>rationem</strong></span> <span class='ocrx_word' id='word_1_312' title='bbox 969 4163 1074 4233; x_wconf 90' lang='lat' dir='ltr'><strong>potest</strong></span> <span class='ocrx_word' id='word_1_313' title='bbox 1095 4158 1230 4230; x_wconf 85' lang='lat' dir='ltr'><strong>exigere.</strong></span> <span class='ocrx_word' id='word_1_314' title='bbox 1266 4151 1329 4226; x_wconf 78' lang='lat' dir='ltr'><strong>Qui</strong></span> 
     </span>
    </p>
   </div>
   <div class='ocr_carea' id='block_1_5' title="bbox 0 0 1609 4890">
    <p class='ocr_par' dir='ltr' id='par_1_9' title="bbox 0 0 1609 4890">
     <span class='ocr_line' id='line_1_41' title="bbox 0 0 1609 4890; baseline 0 0"><span class='ocrx_word' id='word_1_315' title='bbox 0 0 1609 4890; x_wconf 95' lang='lat' dir='ltr'><strong> </strong></span> 
     </span>
    </p>
   </div>
  </div>
 </body>
</html>
