3220 4898
1298 316 1353 370 213

183 450 344 527 separata
367 450 447 506 sunt
470 467 489 508 a
512 441 692 534 cuiuslibet
714 439 875 526 Episcopi
897 441 1049 524 dioecesi;
1073 448 1280 526 quapropter
1302 441 1352 506 di·

184 556 313 614 cuntur
326 549 540 616 constituere
563 549 658 634 quasi
674 549 856 634 quamdam
871 548 1059 633 dioecesim,
1084 549 1143 614 ubi
1165 549 1351 634 Praelatus,

181 654 227 720 iis
251 657 410 742 exceptis,
442 679 528 740 quae
550 655 678 722 ordinis
712 655 911 742 episcopalis
949 663 1037 740 suut,
1073 655 1186 721 omnia
1218 663 1353 722 exercet

184 784 273 846 quae
308 763 504 848 ceteroquin
542 763 584 828 ad
617 763 841 848 episcopalem
874 762 1142 828 iurisdictionem
1168 761 1350 848 pertinent.

186 869 299 934 Huius
322 869 455 955 generis
478 869 626 935 Praelati
654 870 744 934 inter
766 869 943 935 inferiores
964 869 1164 935 nobilissimi
1188 877 1276 953 suut,
1301 869 1352 935 di-

184 984 311 1040 cuntur
334 999 414 1042 vere
436 985 470 1042 et
492 975 628 1062 proprie
650 979 777 1042 nultius
797 984 831 1042 et
853 975 942 1042 veris
965 977 1232 1043 adnumerantur
1255 977 1351 1042 Ordi-

181 1083 289 1148 nariis
311 1084 461 1149 locorum
485 1089 495 1166 (
522 1089 544 1166 ).

272 1191 325 1254 40.
352 1189 500 1255 Praelati
525 1193 761 1274 Verconnius,
789 1199 906 1276 utpote
929 1213 1007 1256 vere
1030 1189 1212 1276 Ordinarii‚
1237 1214 1351 1258 omues

182 1304 280 1362 actus
303 1321 458 1363 exercere
481 1305 622 1383 possunt
645 1297 703 1383 qui
727 1298 769 1362 ad
784 1297 1295 1382 iurisdictionemepiscopalem,
1311 1305 1352 1362 ut

185 1403 346 1488 diximus,
371 1412 525 1492 spectant
547 1407 604 1489 (2),
627 1405 669 1470 iis
692 1403 842 1490 exceptis
865 1406 921 1489 qui
938 1404 1045 1469 aiuro
1061 1405 1274 1490 denegantur
1295 1407 1350 1486 (3);

184 1531 242 1575 eos
266 1509 324 1594 qui
348 1511 391 1574 ad
414 1510 567 1576 ordinem
589 1510 772 1596 pertinent⁷
801 1493 970 1596 attingere
993 1533 1059 1576 non
1081 1518 1232 1595 possunt,
1258 1511 1351 1576 salvo

182 1618 293 1702 quoad
318 1617 451 1682 ordines
474 1617 620 1682 minores
645 1624 680 1682 et
703 1617 1000 1684 Confirmationem
1023 1617 1205 1703 privilegio
1220 1617 1351 1704 aposto·

184 1725 260 1791 lico.
284 1725 414 1790 Eorum
438 1733 552 1796 autem
575 1724 686 1791 officia
712 1705 829 1791 eadem
852 1733 931 1790 sunt
958 1749 995 1790 ac
1020 1725 1182 1811 Episcopi
1204 1725 1351 1792 residen-

181 1831 274 1898 tialis
299 1833 355 1913 (4).

273 1938 328 2002 Ad
353 1936 500 2022 reliquos
535 1939 709 2004 Praelatos
731 1939 910 2005 inferiores
933 1940 1021 2023 quod
1055 1939 1179 2004 attinet
1212 1940 1350 2006 adnota-

140 2105 142 2111 .
187 2068 265 2111 mus
295 2052 430 2110 tantum
454 2046 542 2129 quod
565 2069 679 2110 eorum
712 2045 903 2112 iurisdictio
929 2047 1166 2132 multomagis
1189 2045 1350 2112 estlimi-

186 2161 261 2218 tata
285 2175 386 2237 quam
410 2153 643 2218 Praelatorum
667 2156 803 2238 nullius,
820 2155 883 2219 sed
907 2154 1008 2218 etiam
1032 2153 1229 2219 eximuntur
1243 2177 1262 2220 a
1276 2155 1348 2239 plu·

186 2259 281 2324 ribus
303 2258 567 2344 obligationibus
602 2283 687 2345 quae
714 2260 759 2348 iis
782 2259 982 2325 incumbunt
1005 2283 1055 2325 ex.
1081 2283 1130 2345 gr.
1155 2259 1350 2326 visitatione

184 2389 358 2432 sacrorum
380 2366 547 2450 liminum,
573 2390 592 2431 a
615 2367 809 2432 visitatione
846 2368 994 2433 locorum
1019 2375 1079 2432 aut
1115 2367 1350 2433 beneficiorum

181 2493 313 2556 quasa
336 2471 426 2538 Trid.
451 2471 630 2558 Episcopis
652 2473 810 2557 imposita
832 2482 912 2538 sunt
939 2477 995 2555 (ὃ).

254 2667 295 2737 (l)
314 2670 386 2722 Bed.
407 2669 491 2734 XIV,
521 2667 557 2721 de
586 2685 660 2738 syn,
685 2667 703 2723 l.
721 2669 747 2734 2,
768 2685 792 2722 c.
813 2669 855 2736 10;
874 2667 964 2732 Trio,
985 2683 1059 2723 sess.
1080 2667 1194 2734 XXIV,
1214 2667 1250 2721 da
1279 2685 1351 2738 reg.;

179 2756 219 2811 de
239 2764 321 2810 statu
342 2755 479 2811 monach.
498 2764 528 2810 et
548 2756 583 2808 da
604 2756 692 2824 relig.
711 2756 789 2810 dom.

255 2864 294 2931 (2)
314 2863 377 2918 Cir.
400 2867 495 2929 Petro,
523 2863 554 2916 iu
576 2861 679 2916 Consi.
698 2862 749 2926 IV,
772 2865 887 2919 Callisti
907 2865 969 2931 III,
990 2872 1062 2918 sect.
1081 2865 1107 2931 2,
1127 2881 1155 2918 n.
1173 2865 1209 2920 34
1227 2870 1352 2938 etseqq.

256 2971 297 3040 (3)
316 2969 365 3023 Ita
386 2989 414 3024 v.
435 2989 464 3038 g.
484 2975 636 3040 nequeunt
657 2969 770 3040 absque
790 2969 916 3040 speciali
937 2971 1100 3040 privilegio
1119 2980 1349 3044 convocare'sy·
1388 3040 1390 3042 p

182 3059 295 3113 nodum
315 3059 537 3126 dioecesanum,
567 3067 596 3112 et
618 3067 840 3130 consequenter
860 3075 1014 3130 nequeunt
1033 3059 1178 3130 deputare
1198 3061 1349 3116 examina·

184 3155 268 3202 tores
288 3147 452 3220 synodales
472 3155 501 3201 et
515 3147 667 3200 celebrare
682 3165 847 3202 concursus
860 3148 897 3202 ad
911 3147 1059 3202 beneficia
1077 3149 1275 3218 parochialia.
1288 3149 1350 3206 cn.

182 3243 253 3295 Ben.
267 3241 351 3306 XIV,
363 3239 381 3292 l.
393 3256 417 3292 c.
429 3238 448 3292 l.
460 3239 486 3304 2,
501 3256 524 3292 c.
540 3239 574 3292 10
587 3255 615 3292 n.
627 3239 652 3299 6,
667 3239 691 3294 7.
706 3235 768 3292 Nec
783 3237 829 3291 ius
841 3237 941 3292 dicere
952 3245 1079 3308 possunt
1094 3237 1123 3292 in
1136 3239 1238 3294 causis
1248 3240 1351 3294 matri·

185 3327 382 3382 monialibus.
411 3326 473 3381 cfr.
503 3329 661 3395 Gasparri,
681 3327 725 3381 Da
755 3328 894 3393 matrim,
914 3345 942 3381 n.
963 3328 1043 3397 11673
1072 3345 1127 3381 nec
1155 3327 1350 3386 absolveras

181 3417 306 3471 casibus
326 3424 356 3470 et
377 3416 656 3486 irregularitatibus
673 3417 810 3483 occultis,
822 3415 901 3486 quod
922 3415 1212 3488 Episcopistantum
1233 3418 1349 3474 ratione

187 3506 351 3577 dignitatis
371 3523 546 3560 conoessum
565 3516 610 3560 eat
631 3513 664 3559 ut
676 3505 778 3576 plures
798 3512 1046 3576 interpretantur,
1067 3525 1095 3561 v.
1113 3524 1160 3577 gr.
1177 3508 1349 3577 naono-nar,

186 3589 220 3651 in
241 3597 269 3652 C.
290 3598 365 3652 Cum
386 3600 516 3661 illorum,
537 3603 594 3650 etc.
614 3613 641 3649 n.
660 3596 695 3648 32
714 3604 744 3648 et·
764 3612 855 3666 seqq.;
868 3597 977 3662 Devotz',
996 3595 1049 3649 Ius
1063 3613 1140 3664 cau,
1159 3595 1178 3650 l.
1197 3596 1221 3662 Ι,
1235 3595 1282 3652 tit.
1306 3599 1349 3664 31,

182 3685 205 3760 ἕ
227 3686 269 3755 14;
289 3687 417 3752 Giruldr',
438 3684 548 3754 Expos.
570 3685 626 3739 iur.
644 3683 760 3754 pontif,
781 3684 815 3738 P.
834 3685 859 3752 2,
880 3691 952 3739 sect.
973 3685 1031 3751 182,
1053 3691 1113 3738 not.
1133 3685 1192 3742 ΙΙΙ,
1250 3725 1252 3728 .

256 3775 320 3830 Alii
342 3781 442 3828 tamen
457 3773 668 3828 contradicunt
688 3780 722 3826 ut
733 3775 872 3843 Sanchez,
883 3775 914 3827 in
926 3791 1024 3843 praec.
1035 3773 1130 3829 decal.
1141 3774 1160 3830 1.
1170 3775 1196 3843 2;
1206 3794 1231 3830 c.
1243 3775 1273 3830 ΙΙ
1284 3793 1313 3830 u.
1326 3777 1351 3832 5.

253 3883 293 3956 (4)
308 3881 371 3938 Ofr.
384 3885 450 3938 Boc.
464 3883 548 3949 XIV,
559 3881 662 3938 Consi.
676 3905 690 3934 «
704 3883 787 3946 erod
795 3886 900 3938 sancta
912 3900 927 3932 a
940 3883 975 3936 23
984 3883 1149 3949 Nov.=1740;
1159 3887 1247 3940 Leon.
1258 3885 1351 3952 XIII,

187 3977 294 4032 Consi.
317 3994 328 4020 α
350 3973 387 4027 In
406 3987 548 4040 suprema
569 3993 581 4018 ι
605 3971 638 4026 10
657 3971 724 4026 Iun.
736 3972 814 4026 1882.
833 3969 894 4026 efr.
906 3972 1089 4042 Sanyuineta
1098 3971 1146 4028 tit.
1158 3971 1242 4026 XIV.
1252 3991 1280 4028 n.
1290 3975 1353 4042 8523

182 4067 289 4130 Bonis,
310 4062 354 4116 De
374 4061 477 4131 Epis'c.
489 4060 536 4114 tit.
557 4060 599 4128 II,
619 4060 671 4114 542
691 4067 722 4115 et
741 4077 824 4132 seqq.
884 4125 887 4133 ¹

189 4170 193 4181 “
254 4171 295 4238 (5)
315 4171 393 4225 Sese.
420 4169 471 4232 VI,
494 4169 520 4237 4;
540 4185 615 4222 sess.
635 4168 705 4238 VII,
723 4170 750 4236 8;
769 4186 844 4224 sess.
863 4169 950 4236 XXI,
969 4171 997 4238 8;
1015 4186 1090 4225 sess.
1109 4168 1224 4235 XXIV,
1244 4171 1270 4226 9.
1290 4169 1353 4228 cfr.

180 4263 454 4330 Scnmaraprueber,
474 4259 493 4314 l.
513 4277 537 4314 c.
557 4277 584 4312 n.
603 4259 666 4326 2523
684 4262 789 4327 Bouz‘ae,
804 4259 823 4314 l.
835 4275 859 4312 c.
872 4277 898 4330 p.
910 4260 971 4326 5413
989 4260 1096 4326 Werna,
1107 4274 1154 4330 op.
1165 4277 1189 4314 c.
1200 4259 1240 4326 II,
1252 4277 1281 4314 n.
1290 4261 1357 4316 818.
