3234 4902
638 1053 792 1121 onnon
815 1054 844 1119 1.

505 1213 541 1290 te
566 1213 767 1291 collectionibus
792 1214 855 1291 lule
882 1215 991 1304 silleti.

247 1464 337 1530 Istae
360 1472 449 1528 sunt:
474 1462 690 1528 Collectiones
711 1463 930 1548 Apostolicae,
959 1465 1105 1531 Graecae
1126 1473 1158 1530 el
1178 1465 1331 1532 Latinae.

683 1784 757 1828 tan.
783 1784 805 1828 1.

547 1908 579 1970 te
598 1905 777 1969 collectanea
795 1907 944 1984 ttetlolclt.

246 2083 287 2148 In
311 2082 571 2150 Collectionibus
602 2082 802 2170 Apostolicis
840 2085 1167 2170 comprehenduntur
1203 2085 1331 2152 Consti-

158 2190 299 2255 taliones
320 2199 356 2255 et
382 2189 539 2256 Catones.

246 2316 277 2380 8.
304 2314 479 2383 Historia
501 2355 544 2363 —
567 2315 638 2382 Sub
661 2315 794 2381 nomine
820 2314 1097 2382 Constitutionam
1123 2316 1331 2402 Apostolico-

157 2443 235 2488 ram
264 2421 358 2487 venit
381 2421 617 2508 antiquissima
640 2421 788 2487 collectio
822 2445 938 2508 graece
963 2431 1100 2488 exarata
1134 2429 1169 2488 et
1196 2423 1231 2488 in
1255 2430 1332 2490 octo

156 2529 260 2595 libros
284 2528 453 2593 distincta.
489 2529 594 2593 Primi
622 2550 679 2594 sex
702 2529 875 2611 continent
897 2531 1032 2594 brevem
1070 2529 1245 2616 synopsim
1279 2530 1330 2596 vi·

156 2641 212 2700 tae
245 2634 450 2700 christianae
486 2635 667 2700 secundum
698 2633 762 2717 ius,
797 2635 915 2720 reliqui
939 2636 1065 2700 habent
1089 2636 1199 2701 varias
1234 2659 1329 2723 prae-

157 2741 353 2827 scriptiones
375 2742 549 2828 liturgicus
571 2749 605 2806 et
618 2742 766 2806 morales.
791 2743 841 2806 De
864 2743 1013 2828 ipsarum
1037 2743 1165 2828 origine
1188 2751 1223 2807 ct
1245 2742 1326 2808 fatis

157 2869 209 2913 res
233 2869 353 2934 parum
377 2855 546 2934 comperta
568 2855 628 2912 est.
652 2847 796 2925 Quidam
818 2871 872 2912 eas
911 2847 1083 2934 Apostolis
1121 2849 1327 2931 adscribunt,

158 2955 295 3040 quidam
331 2955 493 3020 Clementi
529 2976 687 3035 romauo;
725 2955 781 3020 sed
804 2976 884 3019 vero
908 2954 1049 3021 similius
1082 2956 1216 3020 videtur
1246 2977 1332 3044 opus

156 3061 345 3130 confectum
368 3062 470 3128 fuisse
493 3063 535 3128 ab
559 3084 626 3128 uno
651 3063 701 3127 vel
727 3063 880 3149 pluribus
904 3063 1030 3149 ignotis
1053 3064 1245 3130 auctoribus
1269 3063 1329 3154 (1).

230 3275 271 3346 (1)
290 3273 441 3330 Rationes
462 3274 624 3329 dubitandi
638 3275 695 3330 hae
734 3283 823 3330 sunt:
844 3277 875 3344 a)
887 3275 1046 3330 silentium
1060 3276 1242 3347 scriptorum
1258 3277 1332 3332 eccl.

159 3363 190 3417 in
210 3363 317 3436 primis
338 3363 439 3418 tribus
460 3365 604 3435 seeculis;
618 3365 649 3432 b)
669 3381 786 3419 errores
800 3364 966 3434 dogmatici
988 3365 1024 3418 de
1045 3365 1240 3420 invaliditate
1260 3365 1331 3436 bap·

158 3452 243 3508 tismi
264 3453 302 3508 ab
322 3452 487 3508 haereticis
507 3453 621 3521 collati,
641 3454 677 3508 de
698 3453 883 3508 necessitate
908 3453 1009 3508 trinae
1030 3453 1235 3510 immersionis
1256 3461 1332 3523 etc.;

159 3541 187 3612 c)
207 3559 324 3596 errores
344 3541 560 3613 disciplinares
578 3531 962 3614 praecipientesieiunium
976 3543 1024 3596 die
1045 3543 1214 3612 dominica;
1234 3541 1266 3612 d)
1286 3561 1329 3598 er·

157 3648 242 3686 rores
270 3631 410 3686 historici
444 3649 470 3686 v.
489 3649 534 3702 gr.
553 3649 621 3686 eum
649 3637 841 3701 praesentem
860 3630 976 3686 faciant
995 3630 1148 3687 «lucabum
1173 3631 1328 3686 Zebedaei

160 3719 299 3778 Concilio
319 3719 603 3788 Hierosolimitan0‚
624 3738 713 3792 quem
735 3728 911 3776 constater
932 3739 956 3776 c.
976 3721 1052 3775 XII.
1069 3721 1137 3776 Act.
1158 3721 1218 3776 iam
1239 3721 1330 3776 inter·

159 3809 274 3865 fectum
305 3809 344 3864 ab
373 3809 506 3865 Herode.
525 3807 587 3865 Nec
608 3809 692 3864 dicas
713 3809 916 3882 Epiphaniam
944 3809 1028 3866 Sacc.
1046 3809 1090 3865 IV
1111 3827 1163 3864 eas
1183 3828 1331 3866 commen·

158 3904 257 3958 desse.
289 3902 366 3958 Nam
386 3903 496 3956 exinde
523 3903 621 3956 solum
650 3903 756 3972 colligi
782 3909 883 3973 potest
903 3902 932 3957 S.
952 3899 1118 3972 Epiphanii
1139 3908 1253 3962 aetate.
1276 3902 1331 3956 ali·

158 4009 246 4064 quem
269 3991 382 4046 librum
402 3993 524 4046 nornine
545 3991 808 4046 constitutionum
827 3994 934 4062 Apost.
954 3991 1104 4056 extitisse,
1125 3991 1207 4045 nihil
1226 3996 1333 4046 contra

158 4079 249 4134 fidem
269 4085 300 4136 et
325 4097 424 4134 mores
456 4086 485 4134 et
507 4079 701 4151 disciplinam
729 4080 946 4146 continentem,
974 4086 1002 4133 et
1023 4077 1103 4132 hunc
1123 4079 1171 4133 vel
1191 4078 1332 4150 periisse,

158 4169 207 4224 vel
236 4169 275 4224 ab
292 4169 472 4244 haereticis
500 4175 674 4238 corruptum
694 4167 969 4240 interpolatumque
990 4167 1099 4223 fuisse.
1131 4166 1192 4223 afr.
1212 4167 1334 4222 Disser-

159 4258 294 4314 tationes
315 4259 470 4326 Oolelterii,
491 4261 575 4330 Papi,
595 4259 704 4325 Manat,
725 4264 755 4311 et
775 4259 987 4328 Der-Mapt'strt's
1008 4275 1085 4328 quae
1106 4256 1239 4311 insertae
1261 4260 1334 4312 sunt
