3198 4898
326 407 382 464 866

379 589 382 598 ,
419 529 598 602 Libellus
621 530 719 596 iuxta
742 552 875 598 sensum
898 529 1128 596 Decretalium
1150 530 1335 596 definitur:

417 638 536 702 Brevia
570 639 743 722 scriptura
779 637 969 724 reprimens
1001 639 1132 704 claram
1164 645 1196 702 et
1228 639 1433 724 orcplicitam
1454 639 1495 702 io-

330 745 501 810 tentionem
524 745 648 810 artorio
670 746 720 810 oei
740 745 955 810 accusatorie.
989 742 1081 810 Haec
1113 743 1260 810 intentio
1277 753 1405 810 'autern
1428 766 1494 810 con-

330 848 439 915 tinere
475 849 576 914 debet
609 854 645 930 a)
669 847 809 931 faetum3
844 851 876 931 t)
910 849 993 936 quid
1015 856 1050 914 et
1071 856 1238 934 quantum
1261 857 1362 936 petat
1387 859 1495 930 actor;

328 959 360 1038 c)
384 977 517 1021 causam
541 977 599 1020 seu
621 953 763 1020 titulum
785 978 827 1020 ex
849 977 916 1040 quo
938 963 1034 1042 petat
1057 958 1116 1040 (1).

418 1061 548 1128 Libello
583 1061 782 1148 plerumque
813 1061 891 1127 addi
915 1063 999 1128 solet
1020 1062 1170 1129 clausula
1193 1085 1279 1148 quae
1294 1063 1494 1138 diciturse-

329 1168 450 1235 lutaris
472 1167 612 1234 scilicet:
638 1194 657 1230 ‹
680 1169 790 1254 Super
813 1167 867 1234 his
889 1169 1045 1236 omnibus
1061 1177 1139 1255 peto
1161 1169 1246 1236 mihi
1269 1171 1322 1236 ius
1347 1177 1384 1236 θὴ
1407 1169 1494 1236 iusti-

329 1275 414 1340 tiam
435 1273 666 1341 administrari
691 1275 782 1354 omni
806 1275 936 1340 meliori
959 1276 1104 1342 modoet
1125 1275 1236 1343 forma
1258 1269 1327 1362 qua
1352 1279 1396 1342 de
1418 1276 1494 1360 iure,

329 1388 458 1447 statuto
480 1387 514 1446 et
536 1381 778 1448 consuetudine
810 1381 884 1446 fieri
907 1389 1019 1468 potest
1041 1413 1056 1435 a
1084 1385 1141 1466 (2).

418 1488 624 1574 Praecipuus
658 1489 801 1554 effectus
834 1489 941 1557 libelli
964 1496 1016 1555 θεὴ
1037 1490 1218 1576 implorare
1251 1491 1380 1558 iudicis
1404 1490 1492 1556 mini·

328 1595 470 1662 sterium
491 1595 535 1660 ad
557 1593 800 1680 experiendum
824 1594 877 1659 ius
899 1594 936 1660 in
960 1595 1094 1662 iudicio.

418 1699 537 1766 Actori
564 1700 710 1765 facultas
739 1700 934 1794 conceditur
956 1701 1110 1767 libellum
1132 1703 1337 1788 retrahendi,
1364 1711 1489 1768 mutau-

328 1807 375 1894 di,
399 1808 454 1874 vel
469 1807 673 1892 corrigendi3
698 1807 746 1872 ita
762 1815 876 1872 tamen
899 1815 939 1872 ut
955 1818 1089 1874 maneat
1102 1809 1209 1874 libelli
1229 1810 1424 1876 substantia
1440 1810 1491 1893 (3),

328 1924 365 1980 et
386 1913 566 1980 dummodo
589 1913 661 1978 hoc.
680 1911 786 1978 faciat
809 1921 888 1979 ante
911 1913 1106 1982 citationem
1127 1917 1185 1999 (4).

420 2022 495 2086 189.
518 2021 583 2085 Εεὴ
605 2027 719 2086 autem
753 2019 891 2086 citatio:
931 2022 1035 2087 Actae
1070 2025 1237 2109 lepitimua
1270 2047 1336 2110 quo
1362 2025 1437 2110 quie
1457 2045 1492 2086 erc

328 2131 489 2196 *mandore
510 2129 632 2193 iudicia
654 2135 792 2193 vocatur
814 2130 850 2194 iu
872 2130 1034 2194 iudicium
1055 2131 1142 2195 iuria
1164 2133 1363 2216 reperiendi
1387 2151 1489 2196 coeco.

330 2235 517 2303 Necessitas
540 2234 711 2300 citationis
734 2243 796 2300 est.
811 2259 854 2301 ex
876 2235 950 2321 ipso
971 2236 1045 2302 iure
1068 2237 1217 2303 naturali
1240 2246 1274 2304 et
1297 2238 1407 2318 civili;
1421 2235 1490 2323 quia

328 2344 440 2412 civilis
463 2353 498 2410 et
520 2342 686 2410 naturalis
712 2343 800 2409 ratio
824 2351 917 2409 vetat
931 2344 1086 2410 damnari
1109 2345 1257 2431 aliquem
1279 2335 1341 2432 qui
1366 2345 1489 2413 auditus

329 2475 369 2518 ac
392 2450 549 2517 defensus
571 2473 638 2516 non
661 2449 707 2515 eit
732 2451 786 2533 (5).

418 2558 546 2624 Citatio
569 2559 635 2624 alia
660 2564 710 2623 est
733 2560 775 2622 ob
811 2559 938 2623 homino
960 2557 989 2623 si
1010 2581 1053 2624 ex
1074 2557 1195 2624 iudicis
1211 2571 1212 2576 ’
1229 2561 1392 2627 mandato
1423 2581 1487 2646 pro·

329 2664 429 2748 cedit3
453 2687 475 2730 a
496 2666 569 2729 iure
604 2687 680 2729 eum
704 2665 759 2729 lex
794 2663 869 2750 ipsa
901 2671 1036 2750 tempus
1057 2665 1262 2732 determinat
1283 2689 1353 2752 quo
1377 2663 1486 2751 aliquis

328 2796 365 2838 εθ
386 2770 505 2838 sistere
527 2770 564 2836 in
586 2769 710 2836 iudicio
740 2771 850 2852 debet
878 2773 1068 2855 personalia
1101 2770 1129 2836 si
1163 2772 1348 2840 infaciem
1372 2775 1487 2840 denun-

329 2881 447 2962 ciatur;
484 2879 635 2944 edictalis
667 2875 695 2942 si
734 2900 795 2962 per
827 2879 976 2943 edictum
999 2878 1037 2944 in
1058 2879 1204 2964 publicis
1227 2881 1308 2946 locis
1330 2883 1485 2959 affixum

330 2987 471 3052 vertolio
493 3007 580 3070 quae
602 2985 641 3049 fit
665 3006 726 3069 per
749 2984 911 3050 nuncium
943 3008 1001 3050 seu
1026 2985 1256 3071 apparitorem
1279 2989 1333 3053 vel
1359 3011 1419 3074 per
1438 2985 1484 3050 lit-

330 3101 420 3158 teras
440 3092 572 3176 iudioie;
597 3093 698 3158 realia
719 3096 749 3157 si
773 3112 834 3176 per
849 3100 1026 3177 capturam
1043 3115 1204 3178 personae
1226 3093 1384 3160 oitandae
1397 3117 1405 3159 :
1419 3094 1485 3158 sior·

324 3201 409 3284 plera
431 3221 517 3284 quae
538 3221 606 3264 non
628 3197 739 3264 reddit
768 3220 864 3263 reum
887 3206 1119 3265 contumacem
1141 3199 1236 3287 prius
1258 3223 1364 3285 quam
1388 3199 1485 3266 tribus

399 3414 440 3481 (1)
460 3411 529 3468 Una
548 3413 738 3466 cnmoblato
759 3411 875 3478 libello,
895 3419 982 3465 notat
1003 3413 1112 3482 Dcootr'j
1126 3412 1212 3473 (lust.
1233 3431 1299 3468 can.
1319 3413 1382 3483 ΙΙΙ,
1401 3412 1448 3466 tit.
1464 3411 1485 3473 5,

331 3519 360 3554 n.
378 3500 457 3570 9)·in
478 3501 555 3555 actis
575 3499 692 3554 exiberi
722 3501 834 3554 debent
862 3499 1057 3570 probationes
1078 3501 1190 3572 quibus
1211 3504 1320 3572 petitio
1340 3501 1482 3562 inuititur,

328 3590 500 3662 quibusque
516 3589 673 3661 perpensis
691 3590 782 3644 iudex
796 3589 933 3643 deceruit
946 3597 1047 3644 utrum
1065 3590 1215 3646 instantia
1236 3591 1427 3645 admittenda
1440 3585 1485 3640 sit.

400 3698 441 3766 (2)
459 3695 521 3752 cfr.
541 3699 706 3768 Palleprinr',
727 3697 756 3750 iu
776 3714 859 3768 prex.
879 3695 936 3752 civ.
954 3695 974 3768 ᾖ
993 3697 1034 3760 ΙΙ,
1055 3705 1128 3752 sect.
1147 3697 1171 3765 1,
1191 3699 1275 3753 subs.
1296 3700 1314 3752 l.
1335 3717 1354 3752 u
1382 3698 1407 3752 7.

380 3849 381 3852 ,
401 3805 439 3873 (3)
458 3805 647 3876 Schmolzpr„
668 3804 696 3858 h.
717 3812 738 3860 t.
757 3823 786 3859 n.
804 3805 829 3872 8,
852 3807 892 3860 13.

401 3911 442 3982 (4)
462 3915 549 3983 Lapa,
569 3930 598 3966 u.
616 3912 679 3968 402.

401 4019 443 4086 (t)
461 4017 528 4072 Non
548 4019 713 4090 requiritur
732 4017 839 4072 citatio
868 4019 988 4089 quando
1019 4035 1088 4074 raus
1109 4035 1141 4072 se
1161 4017 1250 4094 offert
1269 4037 1368 4076 coram
1388 4015 1482 4077 iudice,

328 4107 424 4162 actori
455 4125 674 4178 responsurus;
703 4126 758 4162 neo
789 4108 910 4178 quando
937 4107 1050 4162 crimen
1070 4117 1117 4162 est
1137 4109 1288 4164 notorium
1308 4109 1387 4181 quod
1406 4102 1480 4160 nulla

330 4198 427 4269 possit
445 4197 699 4268 tergiversatione
719 4197 822 4252 celari.
854 4196 917 4252 Cir.
938 4200 1061 4253 Laurea
1081 4198 1110 4254 h.
1129 4205 1151 4254 t.
1167 4217 1196 4276 n.
1214 4198 1277 4268 alu
1305 4201 1480 4264 scamaras,
1506 4238 1507 4246 ,

329 4287 376 4342 De
394 4285 448 4342 lib.
468 4287 528 4341 obl.
546 4305 572 4340 n.
595 4289 629 4342 15
647 4305 739 4358 seqq.;
757 4289 865 4354 Bouioc,
886 4287 922 4341 de
944 4285 1078 4354 iudiciis,
1097 4287 1139 4354 ΙΙ,
1159 4305 1186 4359 ρ.
1207 4269 1267 4346 159.
