3200 4890
844 449 938 512 XXI.

384 584 460 646 Cum
481 587 581 644 omnia
601 581 790 646 sufficienter
811 583 984 644 habeantur
1005 583 1119 662 quibus
1144 583 1410 658 sactumeiusque
1426 582 1485 640 im-

304 682 486 760 putabiiitas
506 687 634 743 eruatur
655 683 695 744 ad
716 699 842 743 examen
863 685 1026 742 aecusatus
1047 681 1108 741 erit
1130 681 1299 742 vocandus.

834 851 948 912 XXII.

382 1003 420 1064 Io
443 1005 588 1064 citatione
610 1001 669 1064 nisi
690 1001 793 1063 obstet
813 1003 987 1080 prudentia,
1010 1003 1135 1080 proponi
1157 1003 1183 1062 ei
1205 1002 1322 1064 debent
1350 1023 1407 1082 per
1428 1024 1483 1064 ex-

299 1108 421 1163 tensum
443 1105 651 1162 accusationes
672 1101 823 1162 adversus
842 1121 911 1162 eum
933 1102 1109 1162 intentatae
1130 1109 1166 1162 ut
1187 1123 1220 1172 se
1242 1111 1414 1181 praeparet
1445 1105 1482 1163 ad

301 1221 353 1262 eas
375 1199 569 1260 disiicendas.

824 1369 955 1429 XXIII.

382 1523 414 1584 Si
436 1543 508 1582 vero
529 1523 577 1582 vel
599 1542 637 1582 ex
659 1522 887 1582 accusationum
907 1522 1059 1598 qualitate
1079 1523 1128 1582 vel
1150 1523 1211 1582 alia
1246 1525 1284 1584 de
1317 1543 1415 1586 eausa
1452 1525 1481 1583 id

299 1623 470 1702 prudenter
490 1620 557 1680 fieri
579 1626 720 1698 nequeat,
741 1619 878 1697 generali
899 1621 985 1680 modo
1006 1621 1033 1680 ei
1054 1623 1279 1700 iniungendum
1298 1623 1363 1682 erit
1384 1632 1422 1683 ut
1444 1625 1481 1684 ad

296 1739 425 1780 examen
449 1718 555 1778 veniat
575 1723 606 1777 et
628 1717 851 1778 recusationem
871 1715 1019 1778 obiectam
1040 1717 1149 1778 diluat.

824 1888 950 1948 XXIV.

380 2046 413 2107 Si
436 2051 556 2121 renuat,
578 2043 711 2104 iteratur
731 2043 884 2103 intimatio
914 2047 1003 2120 eique
1036 2043 1218 2121 praefigitur
1254 2050 1480 2126 peremptorius

299 2147 459 2216 terminus,
482 2143 633 2218 stmulque
654 2147 794 2200 monetur
814 2160 848 2200 eo
869 2141 999 2200 termino
1020 2142 1123 2220 elapso
1143 2149 1302 2219 tamquam
1338 2149 1372 2204 in
1407 2167 1480 2208 uou-

299 2251 448 2302 tumaeem
470 2241 717 2300 animadversum
738 2239 786 2298 iri:
808 2244 840 2297 et
861 2257 968 2317 reapse
989 2257 1044 2299 ceu
1066 2239 1140 2299 talis
1160 2239 1329 2302 habebitur
1350 2247 1412 2306 nisi
1435 2246 1480 2305 le-

298 2341 437 2418 gitimam
460 2337 620 2399 absentiae
639 2356 761 2397 eausam
784 2337 899 2413 probet.
1310 2345 1313 2350 '

833 2509 941 2571 XXV.

378 2667 410 2728 Si
433 2667 463 2726 iu
486 2665 598 2726 iudIcio
618 2665 716 2741 adest,
738 2665 868 2724 examini
891 2663 1056 2724 subiicitur
1076 2669 1109 2725 et
1130 2666 1156 2725 si
1178 2665 1311 2727 alieuius
1333 2671 1477 2729 momenti

295 2765 487 2824 inductiones
508 2761 655 2822 exhibeat
675 2781 728 2823 eae
749 2776 899 2838 quantum
921 2761 988 2821 fieri
1011 2768 1113 2840 potest
1128 2762 1357 2824 exhauriendas
1373 2775 1475 2827 erunt.

819 2913 949 2974 XXVI.

379 3069 498 3129 Deinde
532 3070 571 3128 ad
592 3071 844 3128 contestationem
880 3067 956 3127 sacti
991 3067 1146 3129 criminosi
1167 3071 1395 3132 deveniendum
1430 3080 1477 3133 est

298 3167 453 3242 sImulque
476 3166 670 3244 probationes
692 3164 847 3225 exhibitae
868 3166 1068 3244 proferendae
1090 3165 1202 3244 quibus
1223 3171 1383 3229 evincitur
1409 3189 1477 3232 eum

296 3264 350 3341 qni
371 3269 534 3323 accusatur
555 3281 640 3322 reum
662 3281 729 3324 esse
750 3263 914 3339 poenisque
935 3263 1089 3324 oauonioia
1110 3265 1240 3325 statutIs
1272 3266 1475 3342 puniendum.

814 3429 957 3490 XXVII.

279 3566 281 3571 ’
377 3578 453 3639 Oum
475 3579 529 3638 hoc
551 3584 638 3655 pacto
659 3599 730 3640 reus
752 3585 920 3640 conventus
957 3585 1057 3640 omnia
1078 3589 1238 3659 cognoseat
1260 3603 1342 3660 quae
1370 3595 1477 3648 eontra

295 3675 395 3752 ipsum
419 3676 626 3756 proferuntur,
648 3677 697 3735 hia
718 3682 783 3736 tum
804 3697 841 3736 ea
861 3677 979 3737 diluere
1001 3683 1066 3738 tum
1088 3698 1122 3738 re
1142 3680 1223 3740 tueri
1246 3679 1315 3740 iure
1339 3683 1463 3760 poterit.

807 3825 968 3886 XXVIII.

376 3957 497 4016 Poterit
517 3965 618 4019 tamen
640 3963 806 4018 terminum
827 3961 958 4038 aliquem
979 3963 1072 4022 etiarn
1102 3970 1205 4040 petere
1226 3965 1266 4024 ad
1288 3972 1390 4028 semet
1423 3968 1477 4028 de-

295 4055 481 4116 fendendum
503 4060 627 4134 scripto,
650 4058 729 4133 quod
752 4057 941 4134 potissimum
964 4058 1030 4119 fieri
1051 4059 1233 4122 debetcum
1253 4081 1294 4124 ex
1316 4063 1414 4124 dietis
1446 4067 1477 4126 in

294 4158 354 4211 art.
378 4150 499 4210 XXIII
521 4152 604 4212 haud
627 4154 814 4231 potueritne
836 4163 977 4233 paratum
999 4157 1038 4217 ad
1059 4157 1305 4236 respondendum
1321 4160 1477 4224 exhibere.
1579 4157 1580 4178 ¹
