3200 4890
314 321 371 379 88)

315 469 401 532 aam3
422 455 456 514 et
478 457 620 535 possunt
643 473 714 518 esse
735 452 925 518 communia
947 449 1076 516 scilicet
1099 441 1392 536 quarumcumque
1415 469 1490 532 per-

315 577 484 642 sonarum,
517 564 551 622 et
571 560 709 646 propria
731 556 864 624 scilicet·
890 564 1061 624 certarum
1083 577 1305 644 personarum
1325 561 1367 620 ut
1389 555 1490 620 Prae-

316 661 474 749 latornm,
499 663 718 750 clericorum,
745 663 1008 750 Religiosornm.

316 813 318 819 =
409 769 535 837 Civilia
557 793 644 856 quae
666 771 759 857 leges
781 769 900 838 civiles
922 769 1063 836 violant.

405 879 522 944 Miata
547 899 633 963 quae
659 875 836 964 utriusqus
857 876 990 963 legibus
1013 876 1249 942 adversantur.

303 1023 305 1027 -
403 983 538 1050 Delicta
563 986 786 1052 acaaatlca
807 982 1023 1069 castigationi
1049 981 1222 1048 Ecclesiae
1237 979 1386 1048 obnoxia
1402 988 1492 1063 sunt;

314 1089 489 1156 Ecclesiae
511 1089 600 1156 enim
624 1098 664 1157 ut
674 1089 980 1158 demonstravimus
1003 1093 1040 1156 in
1055 1089 1112 1156 lib.
1138 1089 1250 1175 primo
1273 1095 1313 1154 ut
1334 1087 1495 1154 societati

314 1205 437 1264 natura
457 1197 630 1284 perfectae
653 1197 817 1285 competit
838 1197 892 1264 ius
914 1196 1110 1264 criminosos
1133 1195 1319 1262 coercendi.
1389 1265 1390 1270 γ

403 1305 539 1372 Delicta
562 1307 684 1391 cicilia,
709 1305 737 1372 si
761 1305 932 1372 criminosi
957 1311 1037 1371 sunt
1059 1304 1149 1388 laici,
1166 1303 1377 1390 reipublicae
1404 1315 1495 1370 coer·

313 1413 432 1480 citioni
455 1413 607 1494 subsunt
632 1413 660 1478 si
682 1412 795 1480 clerici
819 1413 862 1478 ad
885 1412 999 1479 forum
1021 1410 1285 1486 ecclesiasticum
1301 1409 1493 1496 pertinent.

313 1521 423 1588 Hodie
447 1528 560 1586 tamen
591 1521 802 1587 sulummodo
831 1519 985 1586 crimina·
998 1541 1086 1604 quae
1114 1518 1267 1604 ipsorum
1292 1519 1403 1583 statai
1436 1518 1493 1582 vel

311 1635 462 1713 suscepto
495 1629 600 1714 officio
634 1630 709 1693 ecci.
745 1633 949 1712 repugnant,
985 1626 1021 1692 in
1044 1625 1119 1692 foro
1141 1623 1317 1691 Ecclesiae
1341 1624 1496 1689 iudicari

312 1737 430 1821 solent,
455 1743 643 1802 ceterorum
666 1756 748 1802 vero
763 1733 914 1800 omniurn
929 1733 1112 1799 criminum
1132 1731 1311 1818 inquisitio
1335 1731 1494 1798 institui-

312 1849 370 1909 tur
393 1841 523 1908 infore
557 1840 662 1906 civili.
687 1841 783 1920 Quod
815 1840 881 1906 nisi
906 1863 982 1906 cum
1015 1839 1115 1906 venia
1142 1837 1239 1904 Sedis
1271 1839 1397 1924 Apost.
1433 1840 1496 1906 fiat

312 1957 415 2037 prout
436 1949 474 2014 in
497 1947 690 2016 novissimis
722 1947 932 2014 concordetis
963 1950 1017 2032 (1),
1043 1945 1236 2012 contraius
1259 1953 1294 2016 et
1319 1969 1401 2012 cum
1425 1947 1494 2012 Eo·

312 2056 433 2122 clasiae
456 2053 677 2141 despicientia
699 2052 783 2139 fieri,
808 2055 843 2120 in
865 2054 940 2120 iure
963 2055 1055 2140 publ.
1084 2053 1152 2120 iam
1176 2053 1337 2120 vidimus.

401 2163 515 2227 Miata
538 2169 652 2227 autem
675 2167 755 2226 sunt
777 2159 964 2226 communis
987 2159 1234 2246 competentiae
1247 2167 1284 2225 et
1305 2159 1345 2224 in
1365 2160 1494 2226 hisde-

310 2276 368 2334 tur
390 2269 484 2336 locus
507 2266 743 2354 praeventioni
769 2270 826 2350 (2).
918 2301 920 2305 ·

810 2553 915 2598 ARTIO.
941 2554 978 2598 11.

829 2678 860 2740 ts
880 2679 970 2754 nerle.

398 2857 473 2919 215.
499 2853 635 2922 Poena
658 2863 709 2921 est
735 2856 859 2920 malam
881 2857 1053 2942 passionis,
1080 2863 1139 2919 aar
1154 2851 1352 2940 privationis
1382 2853 1493 2918 delicti

307 2985 408 3028 caasa
430 2965 527 3027 etiarn
549 2964 584 3026 ia
606 2963 721 3028 incitos
742 2964 931 3028 auctoritate
947 2965 1080 3048 publica
1102 2961 1269 3048 inflictam,
1285 2966 1325 3022 at
1339 2979 1450 3024 omnes
1470 2981 1491 3024 a

306 3071 525 3156 perturbando
548 3070 705 3134 societatis
727 3072 838 3135 aritine
859 3071 1081 3136 deterreantur
1103 3070 1160 3152 (3).

380 3265 421 3336 (1)
441 3263 504 3320 Otr.
523 3266 623 3330 Nessi,
645 3281 692 3338 cp.
713 3264 765 3322 cit.

379 3375 417 3438 (2)
436 3371 537 3427 Hodie
557 3389 628 3426 vero
648 3372 684 3426 de
706 3371 888 3426 criminibus
908 3371 1013 3426 mixtis
1034 3370 1174 3426 Ecclesia
1194 3371 1355 3424 dumtaxat
1373 3367 1408 3423 in
1421 3368 1487 3423 foro

308 3464 429 3519 interno
457 3461 641 3535 regulariter
661 3464 796 3518 iudicare
816 3465 904 3531 solet,
933 3462 992 3518 fori
1015 3462 1135 3518 externi
1161 3467 1315 3534 potestate
1334 3460 1428 3514 unice
1448 3460 1486 3514 ad

307 3551 528 3624 rempublicam
556 3552 679 3608 civilem
710 3552 892 3623 pertinente.
920 3551 982 3608 cfr.
1013 3554 1149 3620 Alcanor,
1177 3547 1277 3623 §ita
1301 3551 1405 3616 Icard,
1426 3547 1486 3614 111,

308 3660 337 3698 n.
357 3643 419 3710 ltu
436 3645 478 3698 M.
500 3644 651 3712 De·Laaa,
673 3642 691 3701 l,
712 3660 737 3698 c.
756 3661 785 3698 u.
804 3644 849 3697 23.

379 3751 417 3817 (3)
438 3754 591 3823 Tarquini,
613 3751 631 3806 l.
651 3769 675 3806 c.
696 3769 724 3806 n.
742 3753 787 3806 it.
807 3751 889 3806 Hinc
908 3758 993 3824 patet
1024 3751 1169 3824 quidnam
1201 3745 1393 3803 discriminis
1424 3742 1485 3798 exi·

305 3845 369 3894 stet
391 3839 471 3894 inter
486 3857 612 3912 poenam
627 3846 657 3896 et
671 3840 901 3913 poenitentiam;
920 3841 993 3896 haec
1007 3841 1090 3896 enim
1104 3837 1319 3912 principaliter
1333 3834 1372 3889 ad
1387 3849 1485 3889 emen·

307 3930 463 3984 dationem
489 3929 658 4002 peccatoris
678 3937 786 4002 sponte
807 3949 872 3985 eam
893 3931 1093 4002 suscipientis
1112 3929 1260 4001 dirigitur
1279 3937 1310 3984 et
1330 3929 1485 3986 definitum

306 4023 440 4077 Alicaias
460 4023 600 4076 laboriosi
629 4023 727 4090 aperis
750 4021 948 4093 frequentatio
966 4024 1005 4078 ab
1024 4025 1158 4079 Ecclesia
1184 4025 1327 4093 imposita
1350 4025 1414 4080 illis
1436 4027 1486 4097 par·

302 4114 372 4182 post
402 4111 544 4166 delictam
575 4113 619 4165 vel
648 4113 807 4180 peccatam
838 4115 1006 4168 admissam
1024 4115 1128 4168 voluat
1146 4115 1255 4168 iterum
1274 4105 1485 4186 assequitur!

305 4217 383 4272 qaae
401 4204 579 4257 amiserant.
1444 4197 1447 4210 '
