3234 4902
262 287 280 340 6

261 451 437 494 romanam
459 427 635 513 speciatim
658 427 747 513 quod
769 427 902 511 attinet,
928 435 1046 492 notum
1069 433 1120 492 est
1157 425 1210 491 ius
1227 422 1431 490 ecclesiasti·

242 558 340 602 cum
362 535 448 601 illud
469 533 671 620 expolivisse
694 557 733 600 ac
756 534 941 620 perfectius
964 531 1150 599 reddidisse
1178 534 1234 616 (1).
1427 526 1429 530 ’

351 643 434 708 Eius
457 642 662 737 praestantia
684 641 859 707 deducitur
879 641 990 706 ,etiam
1013 663 1054 706 ex
1077 639 1217 704 salutari
1240 639 1371 703 influxu
1395 635 1432 702 in

260 749 315 814 ins
348 751 506 835 peritiam,
541 747 786 816 fraternitatem
825 748 1048 814 universalem
1072 767 1290 834 propugnans
1322 752 1356 811 et
1380 767 1432 809 ra-

262 855 387 920 tionem
410 854 594 920 arbitratus
618 855 805 937 instituens;
822 855 857 920 in
879 857 933 919 ins
956 853 1259 920 administrationis
1278 859 1431 916 statuens

234 984 239 990 ·
262 961 351 1046 quod
374 982 518 1046 aequum
540 969 575 1026 et
596 961 723 1026 bonum
737 969 797 1043 est;
825 962 861 1026 in
875 964 1022 1048 formam
1036 961 1239 1025 indiciorum
1261 959 1426 1024 damnans

264 1067 493 1154 probationem
517 1067 709 1153 perignem
734 1075 769 1131 et
784 1089 916 1154 aquam3
949 1067 985 1132 in
1007 1068 1060 1132 ius
1079 1067 1220 1152 poenale
1243 1083 1431 1151 proponens

263 1193 331 1238 una
365 1195 441 1238 cum
479 1173 652 1260 punitione
686 1173 731 1238 rei
768 1175 870 1239 etiam
908 1173 979 1238 eius
1005 1173 1269 1238 emendationem
1293 1173 1341 1253 (2)
1367 1175 1428 1234 etc.

359 1299 494 1364 Utilitas
527 1305 651 1382 autem,
675 1299 819 1364 maxime
854 1320 913 1385 pro
935 1298 1070 1378 clericis,
1096 1295 1270 1362 manifeste
1292 1299 1433 1381 apparet

266 1427 332 1472 non
355 1407 463 1472 solum
484 1431 526 1474 ex
548 1407 645 1472 dictis
667 1409 707 1473 de
746 1408 961 1496 praestantia,
985 1409 1039 1472 sed
1073 1407 1175 1472 etiam
1202 1428 1243 1470 ex
1266 1403 1338 1468 eius
1374 1421 1432 1466 no-

265 1513 355 1578 tione
377 1515 553 1599 essentiali,
577 1537 653 1580 cum
676 1515 720 1579 sit
743 1514 908 1580 Ecclesiae
930 1513 1105 1599 legislatio,
1130 1513 1225 1578 cuius
1238 1517 1362 1576 rectam
1376 1507 1429 1578 ,in-

265 1620 536 1707 terpretationem
560 1628 599 1686 ut
622 1620 766 1686 ministri
789 1629 824 1686 et
846 1620 971 1686 iudices
994 1643 1108 1686 curare
1130 1620 1260 1701 debent,
1284 1624 1319 1682 et
1351 1635 1430 1702 apo-

264 1727 354 1814 logia
377 1728 524 1814 practica
550 1729 720 1814 religionis
750 1729 941 1796 catholicae.
978 1728 1189 1815 Quapropter
1213 1749 1232 1791 a
1270 1723 1430 1789 Patribus

264 1841 299 1899 et
314 1833 478 1917 Conciliis,
494 1833 577 1899 iuris
592 1837 667 1900 eccl.
684 1835 834 1900 studium
851 1835 945 1902 valde
960 1836 1220 1900 commendatur.
1238 1833 1293 1896 Ita
1309 1853 1351 1895 ex
1367 1849 1432 1915 gn:

242 1935 244 1939 ⁴
354 1943 389 2008 S.
417 1941 617 2008 Caelestinus
639 1942 671 2008 S.
696 1942 734 2006 P.
758 1942 816 2006 ait:
847 1971 861 2000 «
886 1924 979 2006 Nulli
1003 1941 1210 2006 sacerdotum
1245 1939 1342 2002 liceat
1377 1957 1430 1999 ca-

266 2067 368 2112 nones
401 2047 555 2133 ignorare
579 2071 636 2114 nec
670 2048 854 2135 quidquam
887 2045 994 2112 facere
1027 2047 1115 2134 quod
1155 2053 1291 2132 patrum
1329 2041 1436 2130 possit

267 2153 391 2238 regulis
413 2152 546 2218 obviare
571 2160 581 2235 l
606 2158 616 2235 )
640 2183 670 2218 ».

339 2383 379 2454 (l)
399 2381 462 2440 Ofr.
482 2387 638 2454 Troptonp,
661 2385 703 2438 De
724 2383 904 2438 l'influenoe
919 2383 958 2436 du
979 2381 1214 2436 Christianisme
1238 2361 1290 2434 sur
1306 2380 1333 2433 le
1355 2380 1436 2432 droit

267 2471 339 2526 civil
359 2473 413 2526 des
432 2473 580 2542 romains;
602 2475 775 2539 Lonibarai,
795 2491 840 2544 op.
860 2474 903 2527 cit
931 2480 986 2528 art.
1007 2472 1042 2526 V.

340 2579 381 2648 (2)
400 2578 462 2635 afr.
495 2583 647 2646 Laoointa,
678 2581 723 2634 De
758 2578 942 2634 l’influence
975 2579 1015 2633 du
1047 2577 1282 2634 christianismo
1318 2592 1370 2629 sur
1402 2573 1430 2626 le

268 2667 349 2721 droit
368 2669 456 2739 penal
478 2679 508 2723 et
531 2671 558 2722 le
590 2669 704 2739 regime
725 2669 959 2740 penitentiaire;
981 2669 1269 2738 sarcapai-sonant,
1302 2661 1428 2718 Lezioni

267 2757 416 2812 didattico
448 2758 580 2813 storiche
609 2759 639 2812 di
662 2759 775 2814 Diritto
795 2759 948 2824 canonico,
968 2756 987 2830 ξ
1006 2759 1032 2827 6;
1055 2761 1193 2822 Manenti,
1215 2755 1365 2810 Concntto
1397 2754 1435 2809 ed

269 2845 456 2917 importunas
486 2848 567 2902 dello
595 2849 697 2902 studio
717 2848 766 2902 del
799 2849 912 2902 Diritto
932 2848 1088 2902 canonico.

340 2955 380 3022 (3)
401 2954 478 3008 Item
497 2963 528 3008 et
548 2954 702 3010 Doctores:
727 2949 896 3026 Pipnateltt,
915 2955 1051 3011 Censuit.
1071 2973 1144 3022 can,
1165 2965 1235 3008 tom.
1256 2954 1278 3022 I,
1299 2952 1435 3008 consult.

270 3044 312 3109 14,
332 3061 360 3098 n.
381 3045 433 3098 11:
466 3045 567 3098 «Non
598 3043 705 3098 dubito
734 3044 929 3114 pronunciari
962 3044 1121 3113 indignum
1150 3043 1286 3113 theologi
1307 3042 1430 3096 nomine

267 3133 319 3204 qai
344 3133 391 3186 ius
414 3151 479 3188 can.
499 3133 620 3202 ignoret
640 3153 663 3190 ».
685 3123 813 3204 Pirltinp,
846 3133 934 3204 epist.
953 3133 1051 3188 dedic.
1070 3142 1139 3188 tom.
1161 3117 1192 3186 1':
1225 3159 1239 3182 a
1260 3134 1428 3201 Quantum·

269 3239 395 3290 cumque
425 3221 510 3276 labor
541 3223 590 3276 hio
609 3224 728 3296 (nempe
751 3219 885 3278 studium
907 3221 983 3300 iuris
1003 3222 1081 3292 can.)
1111 3223 1152 3276 sit
1172 3222 1353 3276 difficultate
1376 3221 1433 3275 i'er·

268 3326 346 3377 rens,
366 3310 503 3364 utilitate
523 3318 623 3366 tamen
644 3319 691 3367 est
713 3330 859 3369 aureus».
882 3315 1016 3384 Wagner,
1030 3314 1172 3383 exegesis
1188 3311 1281 3381 praef.
1303 3311 1341 3364 ad
1354 3311 1458 3373 lecta

268 3390 405 3468 Berardi,
434 3399 548 3454 Oomm.
582 3403 612 3456 in
645 3403 693 3456 ius
725 3404 796 3457 acci.
818 3402 912 3472 praef.
931 3421 957 3474 p.
979 3403 1029 3470 13;
1061 3405 1196 3470 Phittips,
1229 3402 1332 3470 Oomp.
1352 3399 1428 3454 iuris

270 3489 343 3546 eccl.
361 3489 385 3546 I.
416 3507 484 3561 pag.
515 3492 556 3546 16.
585 3491 647 3548 Ofr.
666 3492 780 3563 pariter
808 3491 933 3564 Enoycl.
959 3492 987 3548 S.
1009 3493 1041 3547 P.
1062 3495 1107 3547 Pit
1128 3495 1174 3547 IX
1193 3515 1206 3542 a
1227 3494 1311 3548 Inter
1331 3491 1431 3546 malti·

267 3582 360 3647 pliccs
379 3597 395 3629 a
423 3581 458 3634 21
481 3581 583 3635 Martii
606 3581 674 3636 1853
705 3589 735 3636 et
758 3583 853 3638 Lettr.
876 3583 999 3654 Encycl.
1025 3582 1052 3636 S.
1073 3582 1108 3636 P.
1134 3585 1240 3638 Leonis
1263 3582 1350 3636 XIII
1372 3596 1433 3634 aux

272 3667 360 3722 Arch.
380 3668 472 3740 Eveq.
501 3677 532 3723 et
561 3687 600 3725 aa
631 3671 741 3741 Glerge
772 3671 808 3726 dc
839 3672 961 3738 Franco,
987 3672 1004 3726 8
1030 3670 1111 3741 Sept.
1131 3671 1208 3737 1899,
1230 3670 1282 3724 uhi
1303 3669 1433 3724 scribit:

269 3775 284 3806 ‹
305 3755 392 3810 Getta
412 3758 542 3830 sciasne,
562 3777 594 3815 se
613 3761 751 3816 rattache
782 3779 835 3832 par
861 3761 914 3814 des
935 3761 1013 3815 liens
1034 3761 1095 3815 tres
1116 3761 1239 3814 intimes
1259 3759 1372 3814 ettres
1395 3759 1436 3812 lc·

269 3845 377 3916 giqnes
397 3865 415 3900 a
434 3849 509 3903 celle
530 3849 566 3904 de
586 3851 616 3903 la
636 3850 811 3920 [theologia
844 3851 917 3904 dont
942 3851 1008 3920 ,ella
1029 3859 1144 3904 mentre
1164 3851 1209 3904 les
1229 3849 1433 3920 applicatione

269 3935 425 4007 pratiques
444 3955 462 3990 a
481 3945 546 3992 tout
566 3957 599 3993 ce
619 3939 670 4010 qui
691 3957 837 3994 concerno
858 3940 885 3994 le
906 3946 1145 4010 gouvcrnemant
1173 3940 1209 3993 de
1241 3939 1386 4008 l’Eglise,
1405 3938 1436 3992 la

269 4023 478 4094 dispensation
499 4029 552 4083 des
584 4029 691 4083 choses
711 4029 835 4095 saintes,
855 4029 900 4083 lea
921 4029 1018 4083 droits
1050 4038 1079 4083 et
1099 4029 1144 4084 les
1164 4028 1284 4082 devoirs
1316 4028 1353 4082 de
1385 4043 1435 4082 ses

270 4112 435 4182 ministres,
464 4116 483 4170 1’
495 4134 588 4188 usage
620 4117 673 4172 das
694 4117 782 4173 biens
813 4119 985 4189 temporale,
1015 4119 1089 4172 dont
1108 4118 1168 4173 elle
1195 4136 1212 4170 a
1233 4117 1339 4172 besoin
1358 4133 1434 4187 pour

268 4204 583 4275 l’accomplissement
602 4207 638 4262 de
659 4225 693 4262 sa
712 4207 839 4262 mission
861 4227 884 4262 ».
