3266 4896
1267 365 1327 422 139·

143 492 253 570 liquet,
274 511 341 550 eam
363 512 431 552 essa
452 495 543 574 unice
565 513 680 569 veram,
708 512 799 567 quam
820 493 917 554 Iasus
939 493 1102 554 CHRISTUS
1122 497 1155 552 et
1175 493 1321 552 Instituit

141 593 275 668 ipsemet
301 596 332 650 et
354 591 511 650 Ecclesiae
532 610 606 650 suae
628 590 776 650 tuendam
790 592 1081 668 propagandamque
1105 590 1317 650 demandavit.

226 689 306 748 Nam
327 692 509 766 unigenitus
545 689 605 748 Dei
639 687 723 748 filius
742 693 940 749 societatem
971 693 1004 748 in
1026 693 1121 748 terris
1142 690 1317 764 constituit,

143 805 222 862 quae
243 787 383 846 Ecclesia
404 788 531 864 dicitur,
553 791 602 846 oui
623 789 778 847 excelsum
799 788 1001 863 divinumque
1022 807 1134 846 munus
1155 789 1189 844 in
1211 804 1326 845 omnes

145 885 336 942 saeculorum
358 892 478 946 aetates
500 887 743 946 contInuandum
779 889 964 962 transmisit,
985 886 1066 961 quod
1087 885 1160 961 Ipse
1183 905 1201 942 a
1221 883 1317 944 Patre

145 988 316 1058 acceperat.
328 983 414 1042 Sicut
435 987 518 1044 misit
532 1005 578 1044 aaa
593 989 728 1044 Poterat
745 1005 796 1064 apo
810 987 897 1044 mitto
911 1005 962 1042 ooo
977 985 1034 1062 (1).
1103 987 1181 1042 Ecca
1202 1001 1253 1062 apo
1266 1001 1316 1042 ao·

145 1083 258 1140 biacum
272 1101 340 1140 stam
351 1085 491 1142 omnibus
504 1085 606 1142 diebus
621 1103 714 1158 usqae
727 1086 770 1141 ad
779 1075 1069 1142 consummationem
1084 1083 1200 1140 soeculi
1211 1082 1264 1156 (2).
1286 1081 1316 1140 I-

143 1180 232 1253 gitur
246 1181 327 1237 sicut
341 1179 438 1240 Iasus
450 1179 611 1240 CHRISTUS
622 1183 654 1242 in
671 1188 771 1238 terras
783 1183 871 1238 venit
881 1186 917 1237 ut
928 1179 1068 1238 homines
1078 1183 1175 1238 vitam
1189 1182 1321 1238 habeant

145 1284 173 1336 ct
194 1279 401 1337 abundantius
421 1281 551 1338 habeant
575 1279 628 1356 (3),
649 1278 755 1337 eodem
777 1277 865 1336 modo
889 1277 1028 1336 Ecclesia
1051 1279 1242 1353 propositum
1264 1276 1319 1335 ha-

144 1375 208 1448 bet,
231 1383 387 1450 tamquam
408 1376 511 1455 finem,
534 1378 666 1436 salutem
691 1380 862 1436 animorum
877 1380 1108 1454 sempiternam:
1131 1377 1169 1435 ob
1190 1394 1319 1450 eamque

144 1493 211 1532 rem
233 1475 307 1534 talis
328 1483 377 1534 est
412 1479 525 1534 natura
546 1497 610 1552 sua,
632 1483 668 1535 ut
690 1479 830 1552 porrigat
858 1495 926 1535 sese
947 1475 986 1533 ad
1008 1459 1106 1534 totius
1127 1472 1318 1550 complexum

143 1575 250 1648 gentis
272 1573 435 1650 humanae,
457 1573 553 1632 nullis
574 1593 630 1632 nec
652 1573 786 1632 loao1um
807 1591 864 1632 nec
886 1579 1059 1649 temporum
1083 1571 1237 1630 limitibus
1259 1572 1319 1627 cir-

107 1714 109 1720 ,
144 1673 343 1746 cumscripta.
366 1673 545 1730 Praedicate
566 1674 770 1751 Evangeliam
802 1679 885 1730 omni
907 1677 1061 1729 creaturae
1083 1671 1141 1748 (4).
1173 1668 1249 1726 Tam
1272 1669 1318 1724 in-

144 1771 232 1844 genti
257 1767 413 1827 homiuum
434 1768 631 1826 multitudini
653 1769 737 1826 Deus
759 1771 825 1842 ipse
847 1771 1051 1844 magistratus
1066 1768 1250 1843 assignavit,
1265 1767 1319 1838 qui

144 1885 215 1924 aum
247 1872 402 1942 potestate
424 1873 615 1942 praeessent:
647 1886 801 1941 unumque
833 1869 968 1924 omnium
990 1868 1172 1942 principem,
1202 1870 1234 1923 et
1255 1883 1318 1920 ma-

144 1966 263 2022 ximum
284 1967 553 2038 certissimumque
573 1967 720 2022 veritatis
740 1966 925 2040 magistrum
939 1963 1128 2037 essevoluit,
1143 1965 1193 2021 cui
1215 1962 1319 2020 claves

145 2063 234 2136 regni
256 2061 407 2119 coelorum
429 2066 592 2122 commisit.
618 2065 684 2120 Tibi
704 2067 783 2122 dabo
802 2065 901 2122 clavae
922 2065 1008 2137 rapat
1026 2066 1175 2122 coetorum
1199 2063 1255 2138 (5),
1279 2095 1319 2104 —

140 2177 234 2237 pasce
253 2171 388 2239 opaca...
406 2180 499 2234 pasca
530 2179 597 2219 oves
628 2161 685 2239 (6);
718 2180 769 2239 apo
799 2167 906 2239 ropavi
923 2181 984 2235 pro
1006 2167 1041 2233 te,
1063 2166 1178 2219 utnon
1200 2162 1319 2234 deficiat

143 2261 218 2333 fidas
239 2265 292 2316 tua
318 2257 371 2335 (7).
393 2291 433 2304 -
453 2259 540 2318 Haec
568 2263 708 2335 societas,
741 2261 882 2333 quamvis
913 2277 952 2316 ex
973 2259 1150 2316 hominibus
1186 2263 1318 2332 constet,

144 2375 206 2413 non
228 2375 317 2414 secus
338 2375 373 2414 ao
394 2357 498 2415 civilis
519 2359 733 2432 communitas,
756 2363 859 2414 tamen
891 2361 1019 2431 propter
1040 2354 1134 2414 finem
1166 2354 1227 2412 sibi
1248 2373 1319 2412 con-

144 2457 302 2530 stItutum,
324 2462 417 2530 atque
445 2458 664 2531 instrumenta,
686 2457 798 2532 quibus
829 2455 866 2513 ad
901 2454 994 2514 finem
1015 2454 1188 2525 contendit,
1211 2473 1319 2529 super-

144 2552 300 2610 naturalis
331 2559 380 2611 est
412 2559 443 2611 et
465 2553 649 2630 spiritualis:
672 2560 764 2628 atque
786 2552 901 2612 idcirco
922 2553 1131 2628 distinguitur
1152 2571 1187 2609 ao
1209 2549 1319 2610 differt

145 2669 164 2707 a
186 2652 335 2708 societate
356 2651 452 2711 civili:
475 2657 516 2712 et.
538 2651 616 2726 quod
640 2651 807 2727 plurimum
828 2653 971 2721 interest,
987 2651 1119 2708 societas
1134 2655 1182 2723 est
1203 2668 1318 2725 genere

145 2753 179 2805 et
200 2751 267 2806 iure
290 2747 438 2826 perfecta,
467 2767 536 2806 cum
558 2747 737 2806 adiumenta
769 2748 808 2806 ad
829 2749 1075 2807 incolumitatem
1106 2747 1327 2821 actionemque

144 2864 234 2904 suam
255 2849 440 2922 necessaria,
472 2846 634 2904 voluntate
657 2845 865 2920 beneficioque
887 2845 1058 2904 conditoris
1080 2847 1138 2922 sui,
1161 2847 1263 2903 omnia
1285 2846 1318 2901 in

145 2961 179 3001 se
200 2962 256 3018 per
277 2963 310 3002 se
333 2946 401 3020 ipsa
422 2944 589 3020 possideat.
622 2942 711 3002 Sicut
737 2942 819 3020 finis,
851 2963 910 3018 quo
932 2943 1036 3002 tendit
1056 2942 1206 3018 Ecclesia,
1228 2942 1329 3018 longe¹

146 3039 358 3119 nobilissimus
372 3049 430 3116 est,
459 3043 594 3098 itacius
626 3047 765 3116 potestas
797 3044 847 3098 est
878 3043 1014 3098 omnium
1035 3041 1318 3117 praestantissima,

145 3155 244 3211 neque
266 3140 395 3214 imperio
417 3137 503 3196 ciuili
525 3143 628 3213 potest
660 3137 768 3196 haberi
800 3137 940 3214 inferior,
963 3143 1018 3195 aut
1039 3135 1136 3196 eidem
1159 3155 1227 3194 esse
1256 3137 1319 3195 ullo

143 3234 233 3293 modo
254 3237 395 3295 obnoxia.
426 3271 467 3279 —
492 3235 623 3294 Revera·
651 3235 748 3294 Iasus
769 3235 931 3294 Onulssus
951 3235 1111 3312 Apostolis
1133 3237 1199 3292 suis
1220 3233 1320 3293 libera

143 3333 291 3416 mandata
312 3333 401 3392 dedit
422 3337 454 3392 in
477 3352 574 3410 sacra,
606 3331 753 3392 adiuncta
785 3340 851 3392 tum
882 3332 1083 3392 ferendarum
1115 3332 1217 3408 legum
1251 3336 1318 3390 veri

144 3431 279 3488 nominis
300 3429 461 3507 facultate,
484 3435 549 3488 tum
571 3430 703 3506 gemina,
731 3449 809 3504 quae
831 3431 904 3489 hino
927 3433 1135 3504 consequitur:
1159 3429 1318 3487 iudicandi

143 3527 355 3604 puniendique
376 3533 541 3604 potestate.
577 3531 662 3586 Data
683 3535 726 3587 est
746 3531 943 3588 initiationis
963 3535 1095 3604 potestas
1126 3536 1159 3585 aaa
1194 3531 1273 3586 coelo
1292 3533 1329 3586 et

174 3751 210 3811 (1)
227 3747 312 3812 loen,
331 3747 396 3810 XX,
414 3749 453 3798 21.

147 3821 152 3830 ’
175 3831 210 3893 (2)
228 3829 328 3893 Maon,
346 3827 481 3892 XXVIII,
497 3829 538 3878 20.

174 3911 212 3971 (3)
228 3911 314 3970 Ioan„
332 3911 368 3972 X,
388 3911 427 3960 10.

174 3992 210 4054 (4)
226 3989 323 4052 Mara,
343 3991 420 4053 XVI,
438 3993 477 4040 15.

173 4073 209 4135 (5)
227 4069 341 4130 Maean,
363 4070 498 4132 XXVIII,
515 4071 554 4120 20.

174 4152 209 4215 (6)
226 4151 312 4212 laam,
332 4149 412 4214 XXI,
431 4151 511 4202 16-17.

175 4234 211 4297 (7)
227 4233 305 4294 Lue,
324 4231 419 4297 XXII,
436 4233 477 4283 32.
