3234 4902
1293 332 1331 386 45

241 469 565 536 40.Paon11.-
599 471 658 538 Ad
696 468 919 541 Ecclesiam
957 472 1196 556 pertinct'et
1220 482 1330 559 pote-

151 584 236 644 stas
261 575 483 645 iudiciaria.

239 683 400 767 Ecclesia,
425 692 464 748 ut
487 684 646 766 vidimus,
671 683 724 749 ius
747 685 849 750 habet
882 685 1053 751 statuendi
1079 688 1193 773 leges3
1232 690 1328 773 atqui

149 813 257 856 vanae
279 789 461 856 evaderent
484 791 575 876 leges
609 790 636 855 si
668 791 823 857 omnibus
847 791 898 856 fas
921 805 1009 857 esset
1032 816 1087 858 cas
1125 816 1186 879 pro
1224 794 1328 860 libitu

148 897 379 984 adproprias·
403 897 550 963 actiones
581 898 751 984 applicare
785 907 888 982 atque
923 897 964 964 ad
989 921 1124 966 sensum
1149 923 1248 967 suum
1275 925 1326 968 re-

141 993 313 1089 torquere.
348 1005 458 1070 Debet
491 1027 572 1091 crgo
605 1005 680 1090 ipsa
717 1005 870 1070 Ecclesia
894 1025 1014 1072 verum
1036 1016 1070 1072 et
1094 1007 1224 1074 iustum
1250 1031 1325 1074 sen-

147 1135 223 1196 sum
238 1113 352 1198 legum
375 1113 553 1198 declarare,
589 1135 667 1178 oum
690 1112 735 1177 sit
757 1113 831 1198 ipsa
859 1114 956 1178 unica
983 1114 1146 1200 interpres
1165 1117 1282 1201 legum
1305 1139 1327 1182 a

146 1243 181 1286 se
197 1221 354 1303 latarum
371 1229 405 1286 et
419 1220 559 1307 insuper
580 1221 729 1286 iudicare
752 1230 869 1286 utrum
891 1221 1041 1287 actiones
1064 1223 1229 1288 sociorum
1242 1245 1319 1288 oon-

145 1327 268 1394 formes
292 1327 362 1393 sint
384 1329 494 1394 sensui
532 1351 611 1394 vero
634 1329 749 1415 legum
776 1351 925 1394 suarum.
951 1329 1016 1395 Sed
1039 1329 1092 1394 ius
1127 1330 1323 1396 declarandi

144 1457 203 1500 seu
226 1433 435 1521 proponendi
471 1459 637 1520 quaenam
667 1434 881 1502 subditorum
916 1437 1063 1502 actiones
1095 1437 1131 1501 in
1167 1448 1325 1504 concreto

143 1541 214 1608 sint
235 1541 303 1605 iuri
328 1541 524 1626 conformes,
563 1565 715 1630 quaeque
752 1542 860 1608 eidem
890 1543 1073 1628 difformes,
1111 1553 1146 1609 et
1184 1545 1326 1611 effectus

144 1645 316 1734 legitimos
332 1649 482 1714 eiusdem
498 1647 742 1716 conformitatis
765 1657 825 1714 aut
844 1651 1087 1735 difformitatis,
1105 1659 1157 1717 est
1173 1660 1325 1738 potestas

144 1753 322 1837 iudicialis;
350 1777 431 1842 ergo
454 1763 517 1821 etc.

235 1861 462 1928 Confirmatur
486 1867 517 1944 a)
551 1885 593 1928 ecc
617 1865 652 1930 S.
678 1864 875 1947 Scriptura:
913 1863 1197 1950 «Quodcumque
1236 1863 1323 1950 liga-

134 1968 234 2035 ·veris
257 1991 359 2055 super
383 1980 518 2053 terram,
542 1969 608 2035 erit
630 1971 779 2056 ligatum
803 1977 837 2034 et
861 1970 896 2034 in
919 1970 1039 2051 coelis;
1076 1985 1111 2034 et
1134 1971 1321 2055 quodcum-

142 2099 209 2162 que
232 2077 371 2142 solveris
395 2099 497 2163 super
512 2085 648 2159 terram,
661 2078 727 2143 erit
749 2079 897 2142 solutum
921 2084 955 2141 et
977 2076 1013 2140 in
1031 2077 1131 2142 coelis
1148 2105 1166 2138 s
1194 2079 1320 2144 Matth.

141 2185 276 2270 XXVI,
303 2185 355 2250 18.
391 2183 498 2268 Atqui
522 2185 652 2250 duobus
676 2183 783 2250 modis
797 2181 981 2249 auctoritas
1002 2185 1109 2270 ligare
1127 2195 1161 2250 et
1186 2187 1321 2252 solvere

141 2301 257 2376 potest
282 2291 458 2375 subiectos,
484 2315 543 2378 per
565 2293 655 2378 leges
678 2291 804 2356 scilicet
820 2292 873 2355 vel
890 2311 950 2376 par
965 2291 1098 2374 iudicia;
1119 2294 1186 2358 imo
1210 2294 1323 2380 magis

140 2419 203 2482 per
226 2398 351 2464 iudicia
375 2397 417 2463 ob
440 2421 556 2464 eorum
591 2397 779 2485 proximam
803 2397 1001 2463 relationem
1027 2399 1069 2463 ad
1105 2401 1200 2464 actus
1233 2400 1319 2465 indi-

140 2504 237 2570 vidui
253 2509 306 2588 (1).
334 2505 429 2590 Ergo
454 2505 609 2570 Christus
632 2516 695 2570 etc.
734 2506 823 2569 Item
847 2505 988 2588 Paulus,
1018 2506 1047 2588 Ι,
1083 2507 1168 2572 Tim.
1195 2507 1236 2572 V.
1264 2508 1317 2571 19:

142 2639 161 2672 ‹
187 2611 361 2676 Adversus
397 2610 641 2696 Presbyterum
679 2611 924 2677 accusationem
960 2613 1029 2677 noli
1064 2613 1224 2699 recipere,
1253 2612 1319 2678 nisi

139 2719 205 2783 sub
227 2718 358 2785 duobus
390 2727 450 2783 aut
473 2717 584 2783 tubus
616 2718 811 2783 testibus».
836 2717 944 2812 rjltqui
980 2721 1148 2786 accusatio
1173 2743 1240 2786 non
1264 2722 1318 2785 de·

138 2825 253 2889 fertur
277 2823 339 2890 nisi
364 2826 407 2888 ad
430 2824 579 2889 iudicem
602 2835 636 2889 et
652 2825 695 2889 ad
711 2825 856 2890 iudicem
872 2833 973 2890 testes
997 2827 1200 2892 offeruntur.
1225 2827 1321 2913 Ergo

137 2939 202 2998 etc.

231 3037 461 3104 Confirmatur
486 3039 518 3120 b)
541 3061 582 3103 ccc
600 3046 766 3122 perpetuo
777 3041 887 3123 proni
904 3039 1139 3124 Apostolorum
1165 3037 1205 3105 ut
1221 3047 1317 3126 patet

135 3169 180 3212 ex
203 3145 299 3230 epist.
325 3147 438 3228 Pauli,
465 3147 480 3210 I
505 3145 579 3211 Cor.
604 3145 665 3229 IV,
690 3147 740 3226 183
766 3146 812 3230 II,
838 3147 881 3228 X,
906 3145 926 3210 6
958 3158 992 3211 ct
1022 3169 1124 3232 seqq.;
1166 3146 1315 3212 Thessal.

136 3253 186 3333 ΙΙ,
210 3253 278 3338 ΙΙΙ,
305 3255 347 3316 14
370 3259 380 3336 t
405 3257 425 3336 ).

213 3500 252 3568 (l)
274 3503 454 3567 fidentiore,
475 3519 521 3571 op.
541 3501 592 3555 cit.
613 3517 679 3570 cap.
698 3500 740 3567 ΙΙ,
763 3499 843 3572 511.

211 3605 356 3677 (2)1dem
377 3607 413 3661 de
434 3607 663 3661 successoribus
695 3614 826 3662 testatur
847 3609 1032 3679 Cyprianus,
1053 3609 1152 3679 Epist.
1172 3609 1211 3664 ad
1242 3609 1314 3664 Cor·

136 3695 256 3750 nelium
276 3695 356 3767 apud
386 3695 480 3750 Labb.
500 3703 572 3752 tom.
592 3697 614 3762 1,
642 3697 760 3752 collect.
779 3698 838 3763 716,
860 3697 906 3751 ed.
929 3715 1003 3752 ven:
1033 3719 1047 3748 «
1067 3699 1144 3752 Nam
1165 3715 1233 3752 cum
1254 3708 1312 3754 sta·

135 3791 239 3840 tutum
260 3785 310 3852 sit,
330 3783 441 3856 inquit,
463 3785 603 3839 omnibus
625 3785 714 3840 nobis
734 3795 763 3839 et
782 3803 911 3857 aequum
932 3787 973 3840 sit
998 3788 1112 3858 pariter
1133 3806 1167 3840 ac
1190 3787 1316 3857 iustum,

133 3881 172 3930 ut
185 3873 429 3945 uniuscuiusque
449 3891 541 3928 causa
562 3874 626 3928 illic
649 3874 792 3929 audiatur
810 3875 862 3928 ubi
889 3885 937 3929 est
963 3876 1076 3930 crimen
1091 3877 1258 3931 admissum
1262 3918 1317 3934 ......

134 3971 258 4031 oportet
278 3963 384 4036 utique
409 3983 469 4030 eos,
491 3964 604 4036 quibus
619 3982 808 4035 praesumus,
825 3983 883 4018 non
899 3966 1145 4032 circumcursare,
1166 3985 1221 4021 nec
1243 3967 1313 4038 Epi-

133 4069 295 4123 scoporum
312 4052 503 4106 concordiam
519 4053 730 4107 cohaerentem
745 4070 800 4107 sua
821 4053 949 4107 subdola
969 4057 1001 4108 et
1015 4053 1119 4108 fallaci
1139 4055 1315 4110 temeritate

133 4142 294 4210 collidere,
315 4141 369 4196 sed
389 4159 480 4212 agere
502 4141 568 4196 illic
587 4159 710 4196 causam
730 4159 824 4208 suam,
844 4142 896 4196 ubi
917 4149 947 4196 et
967 4151 1175 4198 accusatorem
1201 4144 1316 4199 habere

133 4239 167 4288 et
186 4238 287 4287 testes·
302 4231 350 4286 sui
371 4232 508 4286 criminis
528 4239 655 4301 possunt
675 4251 700 4287 ».
