3200 4890
312 339 367 399 422

314 461 454 522 ferendis
474 464 621 539 praeerit3
642 466 799 537 peractam
819 459 1001 520 electionem
1025 457 1214 518 confirmare·
1229 458 1281 518 vel
1302 457 1478 520 rescindere

314 562 470 637 integrum
491 562 553 637 ipsi
574 569 623 618 est
643 579 698 636 pro
719 561 926 619 conscientias
947 556 1056 618 officio.

433 657 475 716 X.
496 655 703 716 Diocaesanas
724 659 862 716 cuiusvis
883 655 1060 716 sodalitatis
1080 655 1185 716 domos
1205 657 1381 733 Episcopus
1403 657 1479 713 invi-

312 755 403 814 sendi
424 757 473 813 ius
507 753 611 830 habat,
633 757 767 830 itemque
788 755 827 814 de
859 757 1012 813 virtutum
1034 753 1147 828 studio,
1169 753 1208 814 do
1242 753 1423 830 disciplina,
1443 753 1479 810 de

313 853 513 912 oeconomioia
534 853 708 912 rationibus
729 852 942 929 cognoscendi.

433 950 493 1010 XI.
521 949 742 1010 Sacerdotesa
771 953 878 1024 sacris,
900 971 918 1008 a
952 950 1206 1026 confessionibus,
1239 970 1258 1008 a
1279 947 1476 1008 concionibus

311 1024 485 1123 designare,
507 1049 583 1106 item
603 1047 641 1106 de
663 1052 926 1106 sacramentorum
946 1046 1178 1122 dispensatione
1200 1051 1343 1106 statuere
1366 1064 1475 1104 munus
1572 1119 1573 1122 Ἴ

313 1143 534 1220 Episcoporum
555 1154 613 1218 est,
635 1165 690 1221 pro
711 1144 930 1204 sodalitatibus
948 1144 1138 1204 dioecesanis
1149 1147 1271 1220 pariter
1283 1163 1319 1202 ac
1333 1163 1388 1220 pro
1403 1149 1482 1202 cete·

314 1244 368 1317 ris3
389 1241 422 1300 id
442 1242 522 1316 quod
537 1243 682 1318 incapite
697 1245 896 1316 consequenti
913 1244 1006 1313 (uum.
1019 1252 1090 1320 vm)
1108 1243 1262 1317 explicate
1286 1241 1480 1318 praefinitur.

363 1420 365 1428 ¹
394 1426 537 1494 Alterum
573 1439 850 1512 praescriptionum
884 1443 987 1514 caput,
1008 1437 1047 1496 de
1082 1436 1317 1514 sodalitatibus,
1347 1457 1478 1512 quarum

313 1533 492 1609 Apostolioa
514 1533 609 1592 Sedes
630 1534 681 1592 vel
702 1533 786 1610 leges
807 1538 987 1612 recognovit
1008 1535 1058 1603 vel
1082 1537 1264 1592 institutum
1285 1535 1480 1594 commenda-

314 1635 363 1688 vit
383 1638 437 1690 aut
457 1631 651 1709 approbavit,
673 1632 748 1690 haer
770 1632 865 1690 habet
885 1633 1047 1692 servanda:

433 1729 460 1788 I.
483 1728 672 1788 Candidatos
693 1736 845 1808 cooptare,
866 1731 989 1789 cosdem
1010 1731 1049 1790 ad
1071 1749 1192 1790 sacrum
1213 1731 1356 1790 habitum
1377 1731 1429 1789 vel
1442 1731 1483 1789 ad

315 1825 487 1902 profitenda
521 1828 790 1904 votaadmittere,
825 1836 931 1906 partes
953 1837 1027 1886 sunt
1047 1827 1231 1888 Praesidum
1266 1827 1480 1907 sodalitatum3

315 1926 438 2000 integra
460 1929 563 1982 tamen
577 1925 721 2002 Episcopi
736 1924 896 2003 facultate,
918 1947 936 1984 a
952 1926 1074 2003 Synodo
1089 1926 1276 1986 Tridentinae
1288 1928 1419 2002 tributa,
1438 1929 1481 2006 (1)

314 2030 360 2096 ut,
380 2040 473 2096 quum
507 2022 546 2081 de
566 2021 693 2098 feminis
715 2027 828 2100 agitur,
850 2043 903 2082 eas
924 2031 956 2083 et
977 2032 1050 2082 ante
1072 2025 1302 2101 suscipiendum
1338 2025 1479 2084 habitum

312 2124 439 2180 etanta
481 2119 703 2196 professionem
724 2123 927 2180 emittendam
949 2141 987 2180 ex
1008 2121 1105 2180 officio
1126 2122 1276 2198 exploret.
1292 2123 1475 2180 Praesidum

314 2217 460 2275 similiter
480 2225 528 2275 est
549 2215 686 2274 familias
707 2219 847 2294 singulas
868 2219 1021 2296 ordinare,
1054 2221 1171 2278 tirones
1192 2237 1228 2276 ac
1250 2218 1410 2295 professos
1431 2220 1477 2277 di-

315 2317 450 2392 mittere,
472 2317 512 2372 iis
534 2325 637 2373 tamen
658 2319 792 2375 servatis
813 2309 1019 2392 quaecumque
1041 2337 1080 2375 ex
1101 2318 1241 2375 instituti
1265 2317 1386 2393 legibus
1409 2337 1480 2394 pon-

315 2411 481 2487 tificiisque
502 2413 636 2472 decretis
668 2419 787 2473 servari
822 2421 952 2491 oportet.
973 2450 1013 2458 —
1034 2414 1251 2474 Demandandi
1285 2436 1417 2474 munera
1452 2423 1485 2473 et

312 2513 554 2588 procurationes,
576 2521 643 2568 tum
663 2530 740 2585 quae
756 2512 794 2570 ad
810 2515 988 2570 universam
1009 2513 1206 2571 sodalitatem
1221 2517 1393 2590 pertinent,
1411 2520 1477 2570 tum

314 2626 392 2683 quae
413 2610 446 2664 in
467 2607 608 2666 domibus
629 2608 761 2684 singulis
782 2618 976 2685 exercentur,
1002 2609 1180 2668 Conventus
1194 2629 1250 2668 seu
1275 2610 1435 2686 O'apa'tutu,
1450 2619 1483 2668 et

314 2704 451 2764 Consilia
487 2708 610 2781 propria
630 2708 679 2764 ius
702 2706 826 2764 habent.
850 2707 887 2764 In
909 2707 1105 2766 muliebrium
1139 2713 1243 2766 autem
1278 2708 1482 2766 sodalitatum

315 2801 527 2862 conventibus
548 2803 587 2860 ad
609 2823 769 2862 munerum
781 2807 1033 2881 assignationem,
1047 2806 1229 2882 Episcopus,
1244 2807 1333 2864 cuius
1348 2808 1382 2863 in
1396 2805 1485 2864 dioe-

312 2903 377 2959 cesi
397 2901 561 2974 habentur,
582 2921 638 2978 per
659 2921 691 2960 se
713 2902 762 2960 vel
784 2922 838 2978 per
859 2903 954 2962 alium
975 2906 1122 2978 praeerit,
1143 2909 1179 2962 ut
1208 2903 1299 2962 Sedis
1320 2904 1481 2980 Apostoli-

314 3017 368 3056 cae
389 2998 559 3074 delegatus.

435 3095 480 3155 II.
502 3095 681 3154 Condonare
703 3105 784 3174 vota,
806 3100 873 3155 sive
894 3117 931 3156 ea
946 3101 1132 3174 temporaria
1147 3103 1211 3158 sint
1233 3102 1300 3157 sive
1321 3104 1485 3175 perpetua,

316 3195 408 3252 unius
429 3199 478 3250 est
508 3197 627 3251 romani
657 3193 829 3254 Pontificio.
864 3194 1055 3253 Immutandi
1090 3199 1338 3273 constitutiones,
1377 3203 1484 3272 utpote

313 3310 392 3366 quae
412 3292 558 3368 probatae
580 3312 598 3350 a
620 3291 699 3351 Sede
720 3293 908 3369 Apostolica,
923 3297 1039 3352 nemini
1062 3295 1284 3372 Episcoporum
1305 3299 1356 3354 ius
1378 3297 1481 3355 datur.

315 3390 396 3448 Item
419 3393 566 3466 regimen,
588 3390 667 3466 quod
688 3410 782 3466 penes
812 3391 1019 3450 moderatores
1041 3398 1090 3451 est
1111 3396 1177 3452 sive
1214 3393 1395 3452 sodalitatis
1417 3397 1484 3452 uni-

316 3508 424 3548 versae
445 3491 511 3547 sive
542 3487 732 3547 familiarum
753 3491 945 3566 singularum
980 3491 1020 3548 ad
1040 3493 1300 3550 constitutionum
1335 3511 1485 3570 normam,

314 3587 475 3662 Episcopis
497 3592 616 3645 mutare
639 3593 811 3663 temperare
833 3607 872 3646 ne
894 3589 996 3648 liceat.

435 3685 499 3744 III.
513 3685 734 3762 Episcoporum
754 3695 829 3744 sunt
849 3689 928 3760 iura,
949 3690 983 3745 in
1004 3687 1137 3746 dioecesi
1159 3691 1309 3764 cuiusque
1331 3709 1399 3767 sua,
1415 3707 1484 3766 per-

313 3771 440 3842 mittere
461 3783 510 3842 vel
531 3784 695 3858 prohibere
717 3804 812 3858 novas
833 3785 937 3844 domos
959 3784 1159 3844 sodalitatum
1181 3787 1282 3860 condi;
1305 3792 1385 3847 item
1406 3809 1485 3848 nova

313 3880 437 3942 abillis
457 3881 574 3956 templa
595 3885 735 3959 excitari,
757 3885 892 3942 oratoria
920 3903 974 3942 seu
996 3883 1120 3960 publica
1142 3893 1198 3942 ¹seu
1219 3887 1426 3962 semipublica
1447 3909 1484 3945 a·

315 3981 421 4055 periri,
443 3967 563 4037 sacrum
585 3979 653 4038 fieri
674 3984 710 4056 in¹
722 3981 900 4040 domesticis
916 3979 1048 4052 sacellis,
1063 3981 1296 4042 Sacramentum
1313 3993 1478 4062 augustum

315 4078 441 4154 proponi
464 4075 565 4152 palam
590 4080 792 4136 *venerationi
821 4076 969 4137 fidelium.
1003 4078 1225 4155 Episcoporum
1264 4082 1417 4140 similiter
1438 4088 1485 4142 est

310 4162 473 4232 sollemnia
494 4179 526 4231 et
548 4175 799 4252 supplicationes,
821 4194 897 4250 quae
919 4176 1043 4252 publica
1066 4179 1141 4252 sint,
1162 4175 1320 4238 ordinare.

374 4326 409 4384 (1)
426 4323 495 4374 Sese.
515 4323 604 4387 XXV,
623 4341 682 4389 cap.
701 4325 791 4388 XVII,
810 4324 843 4376 de
859 4325 965 4388 Regul.
984 4332 1013 4376 et
1030 4325 1143 4376 Monial.
