3266 4896
286 316 338 370 104

284 443 453 510 fioultates
476 463 560 527 quas
582 440 689 525 aliqui
703 440 847 506 obiicere
871 448 1012 526 possunt
1033 462 1137 526 super
1159 439 1379 506 Nuntiaturis
1402 443 1460 523 (1),

218 601 220 608 .
283 549 502 616 observamus
537 549 626 634 quod
655 547 920 614 innumerabilia
944 555 1024 614 sunt
1048 549 1328 633 commodaquae
1351 545 1461 614 exiis

283 657 490 744 proveniunt
512 655 684 723 Ecclesiae
706 663 741 722 et
764 655 928 722 Statibus.
955 654 1119 722 «Pudeat
1142 657 1383 740 (detractores),
1410 654 1461 722 ait

282 762 315 829 S.
340 761 503 828 Pontifex
534 760 616 828 Pius
655 763 715 845 VI,
754 762 896 828 iactasse
936 760 972 828 in
1011 763 1142 848 vulgus,
1174 784 1213 827 ac
1247 760 1461 847 praedicasse

282 869 573 935 Nunciaturarum
596 869 817 953 incommoda,
842 887 881 934 ac
904 869 1120 952 detrimenta,
1145 867 1277 954 quibus,
1292 867 1458 934 Nationes

283 984 484 1062 premantur
518 999 557 1041 ac
579 975 793 1058 divexentur3
830 998 908 1041 cum
946 984 1106 1043 econtra
1132 975 1345 1042 commodum
1367 973 1460 1057 illae,

283 1083 536 1168 utilitatemque
570 1084 773 1170 populorum
810 1084 947 1169 pariant
986 1105 1055 1150 non
1090 1084 1211 1168 levem,
1247 1089 1365 1168 utpote
1400 1079 1461 1165 qui

282 1191 378 1257 nullo
400 1191 546 1277 negotio,
571 1191 732 1276 nullaque
755 1190 908 1277 impensa
932 1191 996 1256 sibi
1013 1201 1153 1257 sumunt
1168 1214 1188 1256 a
1204 1189 1345 1258 Nuntiis
1360 1211 1461 1256 omne

282 1297 511 1364 subsidiorum
533 1321 650 1384 genus,
675 1321 762 1384 quae
785 1298 868 1364 alias
892 1299 934 1364 ab
958 1298 1060 1382 Urbe,
1085 1305 1120 1363 et
1143 1323 1163 1364 a
1187 1296 1460 1364 PontificeSnm·

281 1429 336 1472 mo
359 1406 424 1472 sibi
448 1417 560 1472 essent
582 1407 771 1492 expetenda
796 1433 814 1467 a
841 1409 900 1489 (2).

373 1517 446 1579 115.
473 1517 553 1578 Iure
575 1517 759 1601 lepialatioo
783 1522 987 1601 potestatem
1010 1515 1113 1580 habet
1136 1519 1170 1596 u)
1209 1514 1300 1598 leges
1325 1511 1460 1578 ferendi

279 1620 352 1686 sive
376 1643 437 1706 pro
460 1620 620 1686 universa
634 1623 792 1704 Ecclesia,
810 1621 881 1686 sive
898 1643 960 1706 pro
973 1621 1248 1718 particularibus,
1264 1627 1338 1685 tum
1361 1619 1456 1685 solus

352 1869 449 1923 Artic.
470 1872 523 1924 ll:
554 1889 569 1922 a
591 1871 641 1925 Gli
662 1870 772 1926 inviati
793 1872 842 1926 dai
863 1872 991 1942 governi
1011 1871 1104 1927 ceteri
1125 1888 1231 1942 presso
1252 1869 1312 1934 Sua
1332 1867 1459 1924 Senties

281 1958 402 2028 godone
421 1961 471 2014 nel
490 1977 586 2031 regno
606 1960 636 2016 di
657 1967 736 2016 tutte
757 1963 785 2017 le
799 1962 993 2033 prerogativa
1007 1963 1043 2018 ed
1058 1961 1219 2016 immunita
1239 1959 1293 2014 che
1315 1963 1461 2029 spettano

280 2046 343 2116 agli
365 2049 470 2116 agenti
491 2049 681 2122 diplomatici
710 2051 840 2107 secondo
861 2051 883 2106 il
904 2051 1019 2107 Diritto
1039 2049 1299 2106 Internazionsle.
1316 2046 1389 2120 Agli
1411 2047 1459 2101 in-

279 2135 357 2191 viati
377 2138 408 2193 di
428 2137 489 2214 Sua
508 2139 628 2194 Sentiet
660 2157 766 2212 presso
786 2140 949 2200 ilGovsrni
981 2141 1075 2196 esteri
1107 2157 1181 2196 sono
1214 2139 1384 2194 assicurste
1406 2135 1460 2191 nel

203 2228 207 2234 ’
277 2243 373 2295 regno
393 2227 421 2280 le
441 2228 634 2298 prerogativa
655 2230 692 2285 ed
712 2230 874 2285 immunitt
892 2229 920 2284 d'
935 2247 991 2285 uso
1011 2219 1142 2285 secondo
1164 2229 1193 2282 lo
1215 2235 1315 2284 stesso
1335 2225 1455 2282 Diritto

281 2315 331 2369 nel
351 2316 464 2370 recursi
485 2317 515 2372 al
534 2318 626 2388 luogo
646 2318 676 2373 di
698 2319 744 2373 lor
763 2318 910 2374 missione
932 2337 947 2374 e
968 2319 1018 2374 nel
1038 2319 1156 2374 ritoruo
1181 2336 1204 2374 e.

351 2422 391 2492 (1)
411 2424 445 2480 Ε.
466 2422 610 2493 Geffctea,
644 2427 689 2481 La
708 2427 886 2482 condicione
919 2427 968 2482 del
987 2428 1015 2483 S.
1035 2425 1192 2482 Pontefice
1212 2427 1262 2481 nel
1282 2425 1389 2482 diritto
1410 2424 1459 2479 in·

280 2512 498 2581 ternazionale,
518 2533 587 2586 pag.
606 2516 651 2571 72.

351 2621 391 2690 (2)
410 2621 464 2692 Op.
484 2621 537 2676 cit.
556 2641 579 2678 c.
599 2623 686 2692 VIII,
707 2633 785 2680 sect.
802 2625 836 2692 V,
857 2642 886 2680 n.
907 2626 958 2680 138
978 2631 1010 2679 et
1028 2641 1111 2696 seqq.

351 2709 391 2764 Et
411 2710 448 2764 cl.
468 2710 573 2778 Sonos,
594 2713 754 2780 Qu’est-ce
774 2712 823 2784 qu’
843 2730 883 2768 un
904 2711 1025 2767 Nonne?
1044 2730 1114 2784 pag.
1132 2714 1179 2780 21,
1199 2711 1385 2790 auctoritate
1405 2727 1458 2766 ce·

279 2798 510 2854 laberrimorum
531 2801 711 2872 scriptorum
732 2819 868 2856 asserere
886 2819 945 2856 non
968 2801 1107 2856 dubitat:
1131 2803 1189 2857 «ΙΙ
1207 2821 1228 2876 y
1248 2802 1350 2857 aurait
1369 2807 1457 2856 toute

279 2904 339 2942 une
361 2888 489 2944 histoire
510 2889 714 2945 interessente
736 2891 753 2944 a
773 2891 851 2946 faire
874 2909 926 2946 sur
945 2891 991 2946 les
1015 2891 1149 2947 eervices
1168 2893 1217 2963 qu'
1230 2900 1284 2947 ont
1303 2891 1416 2947 rendae
1436 2891 1457 2944 a

280 2976 310 3030 la
329 2977 518 3032 civilisation
540 2979 584 3033 les
604 2980 736 3052 envoyes
756 2980 796 3034 du
816 2980 1018 3052 Sciat-Sitge,
1039 2999 1056 3034 a
1075 2987 1177 3036 tontes
1197 2982 1242 3036 les
1262 2983 1396 3054 bpoqnes
1416 2981 1456 3036 de

279 3067 300 3120 l'
313 3067 430 3136 Eglise,
451 3074 482 3120 et
501 3085 554 3122 sur
573 3086 648 3123 caux
669 3069 718 3140 qn’
734 3075 787 3123 ent
807 3069 920 3124 rendns
941 3087 978 3123 en
998 3070 1179 3140 particulier
1198 3071 1242 3126 las
1262 3072 1382 3126 Nonces
1403 3071 1455 3126 de-

279 3155 349 3227 puis
369 3157 397 3210 le
424 3157 480 3212 XV
501 3157 605 3214 siecle.
635 3157 682 3214 On
703 3177 740 3213 ne
768 3164 886 3214 saureit
919 3159 1016 3214 croire
1048 3159 1186 3216 combien
1208 3161 1416 3232 d'avantages
1436 3179 1456 3216 a

279 3246 422 3316 procures
443 3248 460 3300 a
480 3249 510 3300 la
529 3247 664 3318 reIIgion
684 3247 859 3319 catholiqua
889 3249 916 3303 le
937 3249 1001 3304 rdle
1021 3249 1075 3304 des
1093 3249 1214 3304 Nonces
1235 3251 1454 3324 apostoliqueS.

279 3334 419 3392 oombien
442 3339 462 3390 il
483 3339 500 3392 b
520 3339 678 3396 contribue
708 3339 998 3409 tl'augmentation
1020 3341 1056 3395 de
1077 3341 1106 3394 la
1127 3340 1179 3408 foi,
1200 3359 1238 3396 au
1259 3341 1395 3398 mention
1415 3329 1460 3398 de·

280 3426 309 3480 la
328 3427 399 3497 paix
421 3441 451 3482 et
470 3428 506 3482 de
528 3429 739 3500 indisciplina
761 3449 787 3484 ».

352 3517 391 3570 Et
411 3517 448 3572 cl.
466 3520 642 3574 Hartzbein:
664 3539 678 3570 a
700 3519 885 3574 Incredibile
906 3527 953 3574 est
973 3527 1087 3592 quanto
1115 3523 1285 3578 catholicae
1309 3523 1352 3578 rei
1372 3523 1453 3578 bono

278 3604 349 3659 fidei
365 3606 544 3661 salutiIerae
560 3609 756 3676 incremento,
771 3608 955 3680 disciplinae
977 3619 1007 3665 et
1027 3610 1111 3680 pacis
1130 3613 1287 3666 commodo
1307 3612 1454 3684 invigila·

278 3694 380 3748 verint
398 3695 507 3750 Nuntii
527 3697 698 3769 Apostolici
720 3717 744 3754 ».
765 3698 826 3754 Ofr.
860 3701 991 3766 Giotbio,
1011 3700 1066 3770 Op.
1086 3701 1138 3755 cit.
1157 3719 1228 3773 pag.
1245 3703 1310 3757 ma.

350 3783 389 3838 Et
408 3789 536 3857 Moruni,
558 3786 734 3842 Dizionario
754 3788 867 3843 stoi-ico
883 3787 922 3842 ad
946 3789 1128 3844 vocabulum
1143 3792 1269 3859 Nausic,
1290 3791 1384 3846 addit:
1406 3792 1453 3846 «Ι

277 3875 419 3930 beneficii
440 3877 494 3931 che
515 3876 559 3947 gli
571 3878 645 3932 stati
666 3879 703 3934 ed
714 3877 723 3932 i
736 3879 824 3949 regni
836 3879 976 3934 cristiani
991 3879 1153 3935 ritrassero
1167 3881 1249 3936 dalle
1261 3879 1452 3937 Nunziatura

277 3982 352 4020 sono
374 3965 604 4031 innumerevoII,
637 3974 722 4022 tanto
743 3969 793 4021 dal
811 3975 908 4040 punto
937 3967 967 4023 di
998 3969 1079 4023 vista
1098 3969 1247 4040 religioso
1266 3979 1381 4042 quanto
1400 3971 1452 4026 dal

277 4053 401 4108 sociale.
421 4056 451 4110 Si
473 4056 547 4112 deve
569 4058 628 4112 alle
648 4059 836 4113 Nuntiature
856 4059 1011 4114 ordinarie
1032 4077 1048 4114 e
1068 4060 1258 4132 permanenti
1278 4077 1311 4116 se
1334 4061 1364 4114 in
1379 4061 1453 4115 mol·

276 4154 307 4199 te
328 4144 447 4215 regioni
468 4147 494 4200 si
516 4147 531 4201 δ
552 4155 731 4203 conservata
752 4148 781 4202 la
801 4147 879 4213 fede,
900 4166 932 4204 se
954 4167 1051 4203 venne
1065 4156 1244 4204 mantenuta
1263 4149 1293 4204 la
1314 4149 1451 4220 discipli·

279 4254 317 4290 ns
328 4237 539 4292 ecclesiastica
553 4238 589 4292 ed
601 4237 771 4293 assicurata
783 4240 811 4292 la
823 4239 992 4310 prosperitb
1005 4238 1054 4292 dei
1069 4239 1195 4309 governi
1212 4257 1228 4294 e
1243 4238 1292 4294 dei
1306 4237 1408 4310 pepoli
1424 4256 1453 4294 a.
