3200 4890
664 822 782 837 -u-d-n-

445 690 447 694 ’
533 697 851 814 ALLEGATUM
875 697 921 802 ll*
970 695 976 703 ’
1022 707 1025 718 ’

355 1024 1094 1106 CONSTITUTIOAPOS'POLIOA
1158 1027 1160 1030 ’
1246 1093 1248 1095 ,

143 1239 200 1295 SS.
219 1238 260 1293 D.
280 1239 321 1295 N.
339 1237 463 1294 Leonis
490 1236 661 1314 1³12,qu
690 1239 739 1294 De
765 1240 1001 1312 religiosorum
1033 1240 1207 1296 Institutis
1231 1244 1311 1296 vota

211 1329 381 1398 simplicia
398 1328 638 1416 profitentium.
1275 1365 1281 1369 -

220 1521 371 1582 Conditae
402 1540 421 1581 a
448 1521 574 1583 Christo
595 1524 751 1584 Ecclesiae
773 1545 809 1584 ea
830 1529 878 1584 vis
915 1525 1069 1584 divinitus
1088 1528 1170 1584 inest
1191 1544 1226 1583 ac
1253 1525 1305 1584 fe-

138 1621 294 1698 cunditas,
325 1626 362 1678 ut
382 1621 497 1679 multas
524 1624 679 1680 anteactis
710 1623 910 1700 temporibus,
931 1622 1081 1698 plurimas
1112 1627 1215 1682 aetate
1247 1623 1305 1683 hac

138 1719 282 1778 elabente
303 1721 466 1794 utriusque
488 1737 580 1778 sexus
601 1725 757 1796 tamquam
778 1719 915 1780 familias
943 1719 1087 1797 ediderit,
1109 1739 1196 1798 quae,
1218 1741 1306 1781 sacro

139 1824 277 1877 votorum
299 1819 486 1896 simplicium
507 1824 649 1894 suscepto
670 1818 803 1896 vinculo,
818 1837 886 1878 sese
908 1821 1006 1877 variis
1027 1818 1189 1896 religionis
1199 1827 1232 1880 et
1246 1824 1307 1879 mi-

138 1915 327 1974 sericordiae
362 1915 506 1991 operibus
532 1922 637 1974 sancte
666 1915 818 1975 devovere
839 1916 1040 1975 contendunt.
1063 1915 1150 1991 Quae
1184 1918 1308 1992 quidem

143 2013 318 2090 pleraeque,
340 2019 472 2090 urgente
493 2015 624 2071 caritate
646 2012 775 2090 Christi,
797 2013 966 2090 singularis
997 2016 1137 2074 civitatis
1158 2015 1209 2074 vel
1229 2015 1310 2075 dioe-

141 2115 223 2170 cesis
243 2118 495 2188 praetergressus
516 2114 687 2188 angustias,
709 2111 909 2190 adeptaeque,
931 2115 1024 2172 unius
1045 2112 1244 2190 eiusdemque
1276 2117 1308 2172 vi

141 2209 221 2286 legis
242 2211 471 2284 communisque
505 2211 677 2286 regiminis,
698 2209 856 2286 perfectae
877 2211 1040 2286 quamdam
1075 2215 1311 2270 consociationis

144 2309 289 2384 speciem,
311 2307 407 2366 latius
428 2311 461 2366 in
482 2307 549 2367 dies
571 2307 783 2384 proferuntur.
809 2343 848 2352 ·—
868 2309 990 2385 Duplex
1012 2329 1102 2386 porro
1130 2309 1307 2368 earumdem

142 2410 193 2464 est
214 2409 303 2464 ratio:
325 2405 415 2482 aliae,
435 2425 513 2480 quae
536 2407 757 2482 Episcoporum
771 2406 959 2465 solummodo
973 2407 1224 2483 approbationem
1238 2397 1308 2465 nac

150 2508 210 2580 tae,
245 2503 371 2562 obeam
393 2502 897 2581 remdioecesanae-appellantur3
931 2503 1011 2563 aliae
1031 2523 1105 2563 vero
1126 2503 1164 2562 de
1199 2504 1311 2579 quibus

146 2607 309 2678 praeterea
330 2603 449 2660 romani
471 2599 634 2660 Pontificis
655 2603 812 2660 sententia
834 2603 1024 2676 intercessit,
1048 2620 1102 2660 seu
1124 2600 1204 2676 quod
1225 2604 1313 2678 ipsa-

143 2718 213 2758 rum
234 2698 318 2774 leges
340 2716 374 2756 ae
396 2703 517 2756 statuta
538 2699 760 2778 recognoverit,
782 2689 837 2756 seu
858 2696 938 2772 quod
967 2699 1095 2774 insuper
1116 2697 1312 2756 commenda·

146 2798 260 2854 tionem
283 2797 361 2872 ipsis
382 2796 674 2871 approbationemve
695 2797 915 2870 impertiverit.

222 2893 290 2952 Iam
326 2895 359 2950 in
381 2893 472 2952 binas
506 2891 682 2952 huiusmodi
718 2890 934 2968 religiosarum
960 2892 1161 2950 Familiarum
1195 2892 1311 2952 classes

143 3009 294 3066 quaenam
315 2989 536 3066 Episcoporum
558 2991 627 3047 iura
647 3007 715 3048 esse
737 2993 887 3066 oporteat,
908 3007 1044 3072 quaeque
1069 2991 1208 3048 vicissim
1241 2989 1311 3047 illa-

146 3107 214 3146 rum
235 3089 269 3144 in
296 3087 466 3163 Episcopos
501 3084 608 3161 officia,
630 3091 704 3144 sunt
725 3085 776 3159 qui
812 3087 979 3161 opinentur
1002 3087 1156 3167 incertum
1188 3091 1312 3145 contro-

143 3202 327 3259 versumque
359 3201 494 3242 manere.
515 3217 554 3226 --
582 3180 735 3252 Profecto,
770 3181 809 3240 ad
844 3185 1035 3259 dioecesanus
1069 3185 1311 3242 consociationes
1399 3197 1402 3206 ⁴

121 3283 220 3359 ,quod
244 3285 370 3359 attinet,
391 3301 441 3340 res
463 3301 524 3340 non
545 3284 591 3340 ita
611 3301 644 3340 se
665 3281 721 3338 dat
741 3279 924 3339 laboriosam
946 3279 985 3338 ad
1000 3281 1236 3360 expediendum,
1257 3301 1312 3341 eae

142 3383 257 3457 quippe
278 3386 341 3438 une
362 3379 508 3439 inductae
530 3384 604 3438 sunt
625 3384 717 3454 atque
745 3381 854 3455 vigent
868 3378 1059 3437 Antistitum
1082 3397 1238 3438 sacrorum
1259 3399 1312 3436 au-

143 3481 301 3538 ctoritate.
322 3479 368 3536 At
388 3480 513 3554 gravior
534 3495 608 3536 sane
630 3479 770 3551 quaestio
791 3476 829 3536 de
854 3479 967 3535 ceteris
991 3479 1101 3552 oritur,
1127 3495 1204 3552 quae
1229 3478 1311 3554 Apo·

144 3577 271 3637 stolieae
294 3575 386 3636 Sedis
406 3575 653 3651 comprobatione
675 3579 750 3633 sunt
764 3581 882 3634 auctae.
904 3572 986 3648 Quia
1006 3568 1200 3632 nimirum‘in
1222 3574 1310 3634 dioe-

145 3697 231 3737 ceses
252 3677 358 3752 plures
380 3681 602 3752 propagantur,
624 3674 789 3749 eodemque
810 3674 923 3748 ubique
951 3676 1018 3732 iure
1038 3692 1158 3747 unoque
1179 3681 1313 3735 utuntur

146 3779 308 3854 regimine3
330 3775 398 3833 ideo
419 3775 641 3851 Episcoporum
662 3775 693 3831 in
716 3772 788 3832 illas
815 3774 1032 3830 auctoritatem
1054 3790 1131 3848 opus
1151 3777 1201 3830 est
1231 3778 1309 3832 tem-

144 3877 336 3951 perationem
367 3872 530 3948 quamdam
552 3871 718 3929 admittere
753 3875 913 3944 certosque
948 3869 1074 3928 limites.
1098 3867 1160 3942 Qui
1195 3869 1312 3928 limites

145 3981 300 4048 quatenus
329 3977 488 4046 pertmere
509 3971 652 4047 debeant,
687 3964 830 4046 colligere
852 3969 927 4028 licet
947 3987 986 4027 ex
1020 3971 1088 4044 ipsa
1122 3966 1308 4026 decernendi

146 4071 267 4129 ratione
300 4068 373 4127 Sedi
394 4066 592 4144 Apostolicae
613 4073 759 4126 consueta
793 4070 826 4125 in
848 4065 998 4125 eiusmodi
1033 4065 1312 4123 consociationibua

148 4165 368 4243 approbandis,
390 4165 510 4224 scilicet
544 4170 661 4223 certam
682 4163 815 4240 aliquam
851 4163 1128 4240 Congregationem
1150 4161 1315 4237 approbari
